2894 4740
353 340 488 384 AMORUM
507 341 542 383 11.
565 337 668 385 14-15.

46 500 187 587 Utraque
212 533 299 578 saeva
322 537 462 597 parens:
489 519 546 581 sed
569 518 720 581 tristibus
745 522 882 599 utraque
907 518 1020 582 causis

85 623 217 691 Iactura
240 633 321 695 socii
345 636 518 715 sanguinis
542 636 613 699 ulta
635 637 752 700 virum.

45 740 158 820 llicite,
186 748 259 827 quis
284 751 413 826 Tereus,
440 752 514 832 quis
537 771 596 814 vos
620 752 735 814 inritet
756 753 833 815 Iaso

86 858 203 942 Figere
228 865 372 929 sollicita
396 887 534 949 corpora
557 871 666 930 vestra
689 871 817 930 manu?

4 1006 26 1042 :s
43 976 115 1040 Hoc
138 998 246 1062 neque
270 983 306 1045 in
330 985 497 1046 Armeniis
520 985 622 1065 tigres
646 985 751 1047 fecere
775 984 919 1058 latebris,

87 1098 225 1164 Perdere
249 1124 311 1165 neo
335 1105 421 1166 fetus
446 1123 527 1166 ausa
550 1104 656 1166 leaena
680 1122 776 1178 su0s3

43 1216 85 1280 At
107 1219 228 1279 tenerae
253 1219 387 1294 faciunt,
415 1219 472 1282 sed
495 1240 564 1281 non
587 1219 723 1299 inpune,
747 1219 887 1299 puellae:

89 1331 190 1415 Saepe,
218 1355 295 1397 suos
320 1339 414 1397 utero
439 1356 510 1417 quae
534 1339 639 1409 necat,
665 1335 739 1415 ipsa
763 1335 858 1415 perit.

43 1451 121 1532 Ipsa
143 1451 229 1532 perit
252 1452 419 1532 ferturque
443 1471 523 1532 rogo
547 1451 694 1513 resoluta
717 1450 864 1532 capillos,

88 1567 130 1630 Et
154 1567 299 1631 clamant
328 1568 496 1639 «merito»,
523 1566 580 1647 qui
602 1565 702 1629 modo
727 1586 866 1648 cumque
889 1566 1013 1629 vident.

43 1683 113 1747 Ista
136 1682 194 1745 sed
218 1684 370 1746 aetherias
395 1686 575 1745 vanescant
599 1681 686 1744 dicta
708 1703 768 1763 per
791 1701 897 1757 auras,

87 1801 130 1863 Et
153 1799 221 1862 sint
245 1799 411 1861 ominibus
435 1797 583 1880 pondera
605 1798 701 1860 nulla
723 1797 825 1872 meis,

43 1915 87 1980 Di
110 1917 232 1992 faciles,
259 1937 411 1999 peccasse
436 1917 539 1979 semel
563 1913 732 1977 concedite
755 1917 847 1976 tuto:

88 2032 131 2095 Et
155 2032 235 2094 satis
260 2035 326 2107 est;
353 2051 486 2113 poenam
511 2031 609 2111 culpa
633 2027 778 2092 secunda
802 2029 904 2091 ferat!

481 2317 549 2379 XV.

44 2499 160 2576 Anule,
187 2499 338 2563 formosa
364 2499 504 2580 digitum
527 2498 676 2560 vincture
700 2493 829 2578 puellae,

88 2617 128 2679 In
152 2636 217 2697 quo
241 2616 443 2679 censendum
466 2616 517 2679 nil
539 2616 607 2677 nisi
630 2614 739 2677 dantis
764 2632 865 2686 amor,

44 2731 167 2796 Munus
192 2754 247 2796 eas
271 2737 420 2814 gratum;
445 2736 477 2796 te
501 2733 578 2795 laeta
601 2735 712 2795 mente
736 2732 905 2809 receptum

87 2848 244 2911 Protinus
269 2850 416 2912 articulis
440 2849 558 2942 induat
581 2851 642 2913 illa
665 2847 734 2910 suis
746 2868 753 2921 ;

14 2965 125 3031 sTam
148 2965 231 3028 bene
256 2967 441 3042 convenias,
469 2987 568 3048 quam
590 2987 721 3030 mecum
746 2969 901 3030 convenit
924 2967 983 3040 illi,

88 3082 131 3144 Et
154 3082 295 3163 digitum
318 3083 407 3146 iusto
432 3083 625 3146 commodus
651 3084 727 3146 orbe
751 3085 860 3147 teras!

43 3197 144 3273 Felix,
171 3220 190 3262 a
213 3199 350 3262 domina
371 3201 573 3277 tractaberis,
600 3201 709 3276 anule,
734 3207 868 3264 nostra:

88 3314 224 3378 Invideo
249 3315 345 3378 donis
369 3316 436 3378 iam
459 3317 562 3379 miser
584 3317 655 3397 ipse
678 3317 772 3379 meis.

45 3430 71 3494 Ο
94 3432 224 3494 utinam
247 3431 319 3495 fieri
343 3433 452 3495 subito
476 3454 551 3497 mea
573 3454 713 3497 munera
735 3454 869 3515 possem

0 3574 27 3613 ιο
87 3548 221 3611 Artibus
244 3549 348 3611 Aeaeae
372 3546 581 3630 Carpathiive
606 3550 715 3615 senis!

44 3661 134 3724 Tunc
158 3684 227 3745 eg0,
254 3665 283 3727 si
306 3666 605 3747 cupiamdominae
628 3668 776 3748 tetigisse
801 3668 944 3749 papillas

87 3777 130 3841 Et
152 3780 269 3844 laevam
293 3782 415 3845 tunicis
438 3785 620 3847 inseruisse
643 3804 790 3861 manum,

42 3888 164 3969 Elabar
187 3907 290 3989 digito
314 3904 464 3986 quamvis
490 3908 650 3986 angustus
675 3908 706 3967 et
730 3905 859 3966 haerens

87 4021 195 4103 Inque
219 4023 329 4087 sinum
354 4026 439 4087 mira
462 4024 556 4086 laxus
581 4023 621 4085 ab
646 4027 715 4085 arte
740 4021 874 4096 cadam;

0 4161 26 4201 ·⁸
42 4131 135 4208 Idem
160 4168 229 4233 ego,
255 4155 292 4213 ut
316 4170 452 4213 arcanas
476 4146 604 4230 possim
629 4146 759 4224 signare
782 4140 931 4215 tabellas,

53 4386 193 4448 Α
