2896 4754
547 1174 718 1300 'urana
745 1223 965 1302 inautus,

755 1472 779 1536 l.

295 1634 368 1699 Stat
391 1638 486 1699 vetus
511 1636 543 1696 et
565 1632 690 1695 multos
714 1631 865 1695 incaedua
889 1633 972 1696 silva
996 1653 1206 1716 perennes:

340 1748 537 1814 Credibilest
560 1747 611 1809 illi
635 1767 762 1810 numen
786 1748 896 1810 inesse
920 1748 1012 1825 loco;

293 1866 384 1929 Fons
409 1885 501 1928 sacer
523 1867 560 1929 in
583 1864 693 1928 medio
719 1865 940 1948 speluncaque
965 1867 1096 1948 pumice
1120 1867 1290 1948 pendens,

339 1983 381 2046 Et
403 1983 507 2046 latere
533 1983 689 2047 exomni
714 1982 810 2044 dulce
835 1986 1019 2064 queruntur
1042 2002 1131 2047 aves.

249 2099 344 2164 eHic
368 2119 428 2180 ego
453 2098 532 2161 dum
556 2098 681 2181 spatior
705 2103 812 2162 tectus
836 2099 1062 2162 nemoralibus
1085 2099 1222 2176 umbrie,

339 2213 446 2293 (Quod
470 2236 553 2288 mea,
580 2215 777 2296 quaerebam,
802 2214 900 2277 Musa
922 2218 1071 2278 moveret
1094 2220 1190 2298 opus)

173 2337 175 2341 ’
293 2328 394 2391 Venit
419 2329 575 2392 odoratos
598 2329 734 2410 Elegeia
757 2349 842 2392 nexa
865 2329 1015 2410 capillos,

339 2445 390 2521 Et,
415 2450 508 2526 puto,
533 2466 592 2527 pes
616 2446 667 2508 illi
691 2445 825 2527 longior
850 2447 934 2509 alter
958 2451 1046 2510 erat:

295 2561 418 2624 Forma
440 2560 570 2636 decena,
595 2563 697 2626 vestis
722 2563 930 2637 tenuissima,
957 2564 1070 2626 vultus
1094 2563 1263 2639 amantis;
1292 2646 1295 2653 Ι

252 2705 278 2743 ιο
339 2677 382 2740 Ε1
405 2677 546 2758 pedibus
569 2679 688 2741 vitium
713 2699 813 2742 causa
837 2677 964 2742 decoris
989 2681 1069 2742 erat.

295 2792 395 2856 Venit
418 2797 451 2855 et
475 2791 604 2874 ingenti
627 2795 777 2856 violenta
801 2792 975 2873 Tragoedia
997 2811 1101 2874 passu

340 2907 475 2985 (Fronte
500 2927 600 2970 comae
625 2911 728 2985 torva,
754 2909 845 2990 palla
868 2908 998 2971 iacebat
1022 2908 1132 2983 humi3

294 3026 393 3092 Laeva
416 3045 537 3088 manus
561 3028 729 3105 sceptrum
752 3025 819 3087 late
844 3026 953 3105 regale
977 3022 1141 3099 movebat,

339 3141 465 3221 Lydius
489 3141 558 3202 alta
581 3139 704 3221 pedum
727 3141 838 3202 vinela
862 3140 1046 3203 cothurnus
1071 3141 1154 3218 eret)

250 3286 277 3321 15
295 3257 338 3318 Et
362 3257 454 3337 prior
481 3257 612 3338 «ecquis
637 3257 717 3318 erit»
746 3255 829 3318 dixit
857 3255 936 3317 «tibi
960 3253 1037 3317 finis
1062 3253 1207 3332 amandi,

340 3371 365 3434 Ο
390 3372 578 3452 argumenti
601 3372 691 3435 lente
715 3375 814 3453 poeta
838 3372 912 3434 tui?

294 3489 486 3570 Nequitiam
509 3491 627 3552 vinosa
650 3494 743 3552 tuam
767 3488 920 3552 convivia
943 3490 1091 3560 narrant,

338 3604 483 3668 Narrant
506 3605 543 3667 in
567 3605 690 3667 multas
715 3604 850 3685 conpita
874 3606 964 3666 secta
988 3603 1070 3665 viae.

295 3718 387 3801 Saepe
412 3719 533 3802 aliquis
557 3720 660 3800 digito
685 3724 796 3784 vatem
819 3720 973 3801 designat
998 3722 1144 3794 euntem,

249 3866 277 3904 20
337 3838 445 3918 Atque
472 3837 519 3900 ait
546 3838 627 3913 «hic,
654 3838 708 3900 hic
733 3841 791 3912 est,
818 3857 916 3918 quem
941 3838 1032 3900 ferus
1055 3835 1124 3897 urit
1146 3833 1282 3898 Amor.»

293 3951 429 4027 Fabula,
455 3972 516 4014 nec
541 3953 655 4026 sentis,
681 3956 752 4015 tota
776 3953 910 4015 iactaris
934 3952 970 4014 in
994 3950 1092 4025 Urbe,

337 4066 426 4130 Dum
450 4071 509 4130 tua
531 4069 699 4149 praeterito
725 4068 810 4130 lacta
835 4067 961 4148 pudore
986 4067 1098 4130 refers.
