2896 4754
533 324 669 368 1110111111
688 325 736 367 111.
758 323 783 369 1.
1187 302 1220 354 79

231 503 325 582 Quid,
350 504 418 568 nisi
440 500 576 583 possedi
599 501 691 564 dives
715 520 833 564 avarus
858 508 962 583 opes?
1191 530 1220 567 eo

184 619 241 684 sie
265 625 335 685 aret
358 621 478 685 mediis
501 619 594 680 taciti
618 619 771 699 vulgator
794 618 830 679 in
853 618 952 681 undis

229 738 405 820 Pomaque,
433 756 504 818 qua
529 734 623 797 nullo
648 738 797 816 tempore
822 739 948 815 tangat,
975 734 1083 796 habet.

184 856 215 917 A
238 858 352 918 tenera
376 853 551 936 quisquam
577 851 623 913 sic
649 850 754 931 surgit
778 870 876 913 mane
900 851 1021 931 puella,

230 971 386 1034 Protinus
409 974 447 1032 ut
472 972 604 1032 sanctos
628 968 736 1048 possit
758 966 850 1030 adire
875 967 980 1032 deos?

184 1083 259 1160 Sed,
277 1090 370 1167 pute,
389 1105 459 1148 non
474 1082 647 1147 blandastl
663 1103 734 1145 non
751 1084 878 1164 optima
893 1083 1038 1164 perdidit
1054 1085 1090 1146 in
1106 1105 1158 1147 me
1191 1113 1218 1152 5⁵

231 1198 371 1264 Oscula!
395 1219 465 1262 non
489 1199 582 1262 omni
607 1198 801 1262 sollicitavit
825 1201 906 1280 ope!

183 1313 249 1377 Illa
272 1335 388 1395 graves
411 1314 522 1397 potuit
547 1334 686 1396 quercus
712 1314 955 1396 adamantaque
980 1315 1100 1399 durum

231 1427 401 1511 Surdaque
425 1427 598 1492 blanditiis
623 1448 701 1491 saxa
723 1448 856 1491 movere
882 1430 969 1505 suis;

121 1530 124 1535 ⁵
184 1544 295 1627 Digna
318 1564 451 1609 movere
475 1546 540 1607 fuit
563 1547 651 1606 certe
673 1545 832 1626 vivosque
856 1545 1029 1626 virosque:

231 1659 294 1724 sed
317 1681 425 1743 neque
449 1664 521 1723 tum
545 1660 612 1723 vixi
635 1681 696 1723 nec
720 1662 779 1737 vir,
805 1666 842 1725 ut
866 1666 952 1737 ante,
978 1662 1036 1726 fui.
1190 1692 1219 1728 co

185 1779 273 1858 Quid
296 1781 397 1858 iuvet,
422 1779 465 1842 ad
489 1779 605 1843 surdas
631 1780 659 1841 si
684 1782 796 1842 cantet
819 1777 976 1841 Phemius
1001 1781 1122 1840 aures?

231 1894 318 1972 Quid
340 1893 501 1958 miserum
525 1895 715 1975 Thamyran
738 1895 826 1975 picta
850 1894 974 1957 tabella
997 1894 1114 1956 iuvat?

184 2011 228 2074 At
251 2031 323 2092 quae
347 2030 417 2072 non
442 2010 544 2072 tacita
566 2010 709 2073 formavi
734 2008 855 2090 gaudia
878 2011 1012 2072 mente!

230 2125 320 2203 Quos
345 2145 405 2207 ego
428 2145 499 2188 non
520 2124 601 2188 finxi
626 2125 839 2208 disposuique
864 2126 1001 2189 modos!

185 2241 304 2305 Nostra
327 2245 441 2304 tamen
465 2242 594 2305 iacuere
618 2242 710 2305 velut
732 2246 933 2323 praemortua
952 2243 1102 2306 membra
1190 2273 1218 2309 ee

230 2356 382 2438 Turpiter
404 2356 562 2420 hesterna
584 2357 796 2436 languidiora
820 2377 914 2420 rosa:

184 2471 264 2550 Quae
288 2492 387 2546 nunc,
414 2491 495 2548 ecce,
521 2473 635 2553 vigent
657 2472 895 2554 intempestiva
918 2474 1105 2555 valentque,

229 2587 324 2651 Nunc
348 2606 432 2668 opus
458 2592 641 2668 exposcunt
664 2589 888 2669 militiamque
917 2608 1021 2653 suam.

183 2701 274 2780 Quin
296 2705 372 2766 istic
394 2703 590 2784 pudibunda
612 2705 710 2780 iaces,
735 2725 813 2785 pars
837 2706 984 2785 pessima
1007 2706 1139 2768 nostri?

230 2817 282 2883 Sic
306 2840 382 2883 sum
405 2819 564 2900 pollicitis
588 2824 704 2900 captus
729 2824 761 2883 et
786 2824 863 2883 ante
887 2821 972 2883 tuis:
1190 2851 1219 2889 10

183 2935 233 2999 Tu
256 2937 432 3000 dominum
456 2937 555 3012 fallis,
581 2956 640 3017 per
664 2939 696 2997 te
720 2935 903 3017 deprensus
927 2937 1066 3000 inermis

228 3053 349 3116 Tristia
372 3072 449 3116 cum
472 3071 595 3132 magno
619 3051 742 3115 damna
766 3051 892 3133 pudore
915 3053 990 3117 tuli.

182 3163 280 3229 Hanc
304 3169 406 3230 etiam
429 3187 499 3230 non
524 3170 573 3230 est
596 3187 672 3229 mea
696 3167 878 3258 dedignata
897 3170 1010 3251 puella

226 3279 376 3344 Molliter
398 3281 533 3344 admota
557 3282 736 3346 sollicitare
760 3305 880 3361 manu3

182 3391 249 3458 Sed
270 3400 450 3477 postquem
472 3397 584 3460 nullae
609 3419 808 3480 consurgere
832 3421 931 3481 posse
955 3422 1014 3482 per
1038 3405 1125 3466 artes
1189 3434 1216 3472 rs

227 3510 517 3593 Inmemoremque
543 3514 595 3576 sui
618 3516 833 3596 procubuisse
858 3516 957 3593 videt,

186 3625 293 3705 «Quid
316 3648 369 3690 me
393 3627 524 3691 ludisl»
552 3630 608 3706 ait,
634 3633 792 3713 «quiete,
817 3633 905 3696 mele
930 3653 1020 3711 sane,
1038 3634 1173 3699 iubebat

227 3741 376 3805 Invitum
399 3748 514 3807 nostro
538 3765 663 3826 ponere
686 3747 835 3811 membra
859 3751 959 3811 toro?

181 3861 248 3925 Aut
271 3866 305 3925 te
329 3865 477 3927 traiectis
500 3866 611 3927 Aeaea
632 3863 780 3927 venefica
802 3865 889 3927 lanis

226 3976 383 4055 Devovet,
409 3984 466 4042 aut
490 3981 555 4044 alio
580 3981 689 4044 lassus
713 4000 826 4043 amore
850 3983 974 4045 venis.»
1187 4013 1217 4050 30

180 4090 249 4154 Nec
273 4113 376 4169 mora,
401 4094 539 4158 desiluit
563 4096 676 4158 tunica
698 4096 809 4158 velata
833 4095 943 4160 soluta
