2896 4754
169 336 222 388 ‘214
589 359 630 400 AD
646 358 681 402 11.
702 355 744 402 18.
761 355 868 403 27—40.
962 390 968 401 .

169 532 286 590 calores
307 531 421 590 Aeoliae
452 530 564 590 fidibus
585 532 722 606 puellas.
745 565 758 572 —
807 532 928 602 Lesbia,
949 533 1048 608 fama,
1077 552 1114 591 ex
1135 551 1200 590 mea
1217 553 1271 592 oon·

170 640 304 708 ieotura3
337 638 373 696 ef.
407 638 489 697 infra
520 638 589 698 adn.
623 641 690 697 orit.
715 638 752 697 ad
784 640 813 697 h.
837 640 855 697 l.
939 641 1062 709 Lesbia,
1096 639 1220 716 Sappho,
1245 645 1270 698 at

169 743 250 803 infra
280 764 322 803 vs.
346 745 403 803 34:
431 744 580 804 «Lesbis»
616 780 656 786 --
676 748 765 821 fama
798 747 883 821 lyra.
916 746 1021 818 gloria,
1053 745 1147 805 deous
1167 766 1269 822 poeseos

167 851 279 926 lyricae,
312 853 347 908 ut
378 850 460 909 infra
480 851 536 910 Ha
560 852 587 920 9,
611 853 637 911 5.
662 850 714 928 (ad
735 850 825 910 deam
845 852 1019 928 Elegiamh
1040 853 1113 912 «Ille
1142 855 1188 917 tui
1205 857 1268 915 votes

168 961 277 1034 operia,
302 967 359 1016 aaa
379 959 477 1031 fama,
496 959 651 1017 Tibullus»
668 978 675 1029 ;
696 961 788 1035 poeta
802 959 965 1035 utrobique
976 961 1053 1023 ¹ante
1069 960 1171 1019 oeulos
1184 960 1269 1019 habuit

167 1066 256 1140 Prop.
280 1066 304 1124 I.
331 1065 375 1135 15,
399 1066 537 1126 al—aa:
565 1064 768 1125 «Euadne...
792 1066 912 1142 Argivas
935 1067 1018 1125 fama
1038 1066 1216 1143 pudicitia.»

220 1172 255 1231 V.
279 1173 405 1232 27--28
438 1176 476 1232 de
497 1179 559 1232 toto
581 1176 674 1234 rediit
705 1192 793 1232 meaos
815 1175 887 1233 orbe
908 1173 1057 1246 Sabinas,
1092 1173 1194 1233 Ovidii
1212 1177 1270 1232 ami·
1302 1236 1305 1243 ,

167 1298 227 1348 eus,
251 1281 305 1353 qui
333 1281 491 1354 responsis
512 1280 643 1338 heroum
674 1282 827 1355 supplevit
851 1281 1008 1355 Epistulas
1030 1281 1207 1340 Heroidum.
1236 1281 1272 1340 De

166 1386 274 1445 eodem
297 1385 411 1445 Sabino
443 1387 519 1445 dicit
541 1387 594 1446 Ov.
617 1387 706 1446 Pont.
730 1388 781 1447 IV.
808 1388 852 1457 16,
878 1387 1013 1449 13--1a:
1039 1391 1110 1463 aqui
1126 1388 1274 1463 'Penelopa

166 1494 332 1553 rescribere
354 1495 445 1552 iussit
458 1493 582 1554 Ulixem
596 1494 762 1553 Errantem
778 1514 857 1553 saevo
871 1514 927 1571 per
946 1495 1006 1554 duo
1019 1495 1117 1553 lustra
1132 1497 1230 1554 mario
1246 1530 1252 1535 -

166 1603 203 1659 olo
224 1606 286 1658 toto
308 1600 457 1660 rediit...
491 1600 572 1671 orbe,
606 1602 678 1675 quia
698 1600 816 1669 heroes,
841 1601 952 1677 quibus
979 1600 1124 1660 heroides
1146 1601 1279 1676 epistilas

166 1708 363 1781 seripserunt,
397 1709 430 1764 in
453 1705 672 1764 diversissimis
693 1705 776 1765 orbis
801 1710 954 1766 terrarum
977 1711 1038 1767 oris
1060 1709 1282 1767 commoraban-

165 1817 222 1872 tur.
245 1850 284 1856 —
305 1815 443 1886 dioensis,
466 1814 652 1889 longinquis.

218 1921 253 1980 V.
277 1921 404 1980 aso-34.
431 1921 578 1981 Candida
599 1922 760 1998 Penelope,
787 1922 825 1981 ad
848 1923 1013 1983 eandorem
1036 1925 1136 1980 animi
1158 1921 1288 1981 referen-

164 2027 255 2086 dum:
278 2027 385 2096 fidelis,
408 2025 512 2103 proba,
546 2030 581 2086 ut
601 2027 666 2086 Tib.
690 2029 742 2089 IV.
765 2029 792 2097 4,
819 2028 944 2088 17---18.
968 2027 1018 2106 (de
1041 2027 1211 2105 Sulpicia):
1238 2029 1292 2088 «ht

164 2153 248 2192 nuno
269 2136 335 2193 tota
355 2137 409 2193 tua
430 2137 484 2203 est,
505 2137 536 2194 te
552 2136 651 2192 solum
666 2132 799 2192 eandida
813 2153 917 2192 seeum
934 2132 1081 2208 Cogitat.»
1155 2137 1292 2210 stanam,

164 2241 329 2315 epistulam
362 2244 453 2299 anulo
486 2240 698 2315 obsignatam;
732 2242 767 2300 of.
802 2241 872 2300 adn.
907 2261 1005 2317 supra
1031 2241 1070 2299 ad
1100 2242 1141 2300 H.
1169 2224 1215 2312 15,
1242 2242 1292 2300 15:

168 2350 332 2421 «signare»
417 2367 559 2421 posterea,
581 2346 719 2406 Phaedra.
743 2384 783 2389 —
803 2349 932 2420 Elissae,
956 2349 1086 2407 alterum
1108 2367 1229 2406 nomen
1242 2349 1295 2407 Di-

89 2457 91 2461 ’
163 2454 227 2512 dus.
244 2489 284 2494 ·—
305 2453 432 2529 Phyllis,
454 2455 482 2511 si
502 2456 593 2513 medo
615 2455 697 2525 visat,
719 2473 794 2511 nam
808 2453 1080 2528 Demophoontem
1102 2453 1158 2512 diu
1180 2454 1297 2522 frustra

163 2563 344 2636 exspectans
377 2579 408 2620 se
440 2563 473 2618 in
495 2559 602 2618 arbore
628 2560 798 2636 suspendit.
821 2596 861 2602 --
885 2560 1002 2631 Tristis,
1035 2579 1074 2618 so.
1097 2561 1294 2637 Hypsipylae

162 2670 280 2738 tristis;
312 2669 437 2743 scripsit
467 2669 551 2725 enim
573 2667 665 2726 Iason
691 2686 723 2725 se
744 2666 887 2725 Medeam
909 2684 1021 2725 amere.
1045 2700 1085 2707 -—
1105 2667 1167 2726 Det
1187 2675 1295 2732 votam

163 2776 276 2832 [hoebo
298 2776 402 2834 Lesbis
434 2782 544 2833 amata
574 2775 686 2850 lyram,
719 2774 828 2833 alludit
859 2773 898 2832 ad
928 2775 1000 2833 Her.
1029 2775 1080 2844 15,
1115 2775 1295 2836 1·81----183:

167 2881 259 2939 «inde
290 2883 402 2957 chelyn
423 2881 547 2951 Phoebo,
581 2885 759 2941 eommunia
789 2902 927 2951 munera,
959 2901 1082 2958 ponam,
1115 2882 1158 2941 Et
1179 2884 1295 2942 sabea

161 3008 266 3046 versus
287 3008 368 3046 unus
390 2991 420 3047 et
442 2989 520 3047 alter
541 2991 618 3047 erit:
642 2989 737 3048 Grata
758 2989 857 3065 lyram
878 2991 968 3064 posui
989 2988 1055 3057 tibi,
1071 2987 1198 3058 Phoebe,
1222 3007 1295 3064 pee-

161 3097 222 3153 tria
243 3093 394 3171 Sappho.»
420 3094 512 3154 Vovit
534 3097 619 3153 enim
641 3114 672 3153 se
693 3095 794 3170 lyram
826 3114 930 3153 amore
951 3094 1088 3152 Phaonis
1109 3099 1296 3170 reeuperato

161 3199 276 3259 Phoebo
299 3199 518 3258 dedicaturam.
594 3201 707 3272 Lesbia,
730 3199 865 3276 Sappho,
888 3202 923 3259 ut
945 3219 1037 3275 supra
1057 3219 1099 3258 vs.
1125 3201 1182 3259 26:
1205 3200 1296 3259 oLes-

160 3307 238 3366 bia».
323 3313 441 3378 amata,
466 3326 504 3365 so.
528 3325 546 3364 a
567 3307 702 3365 Phaone.

215 3415 249 3473 V.
273 3415 326 3473 35-
345 3414 401 3472 -38,
425 3432 489 3489 qao
512 3419 618 3471 taleam
638 3415 758 3472 ovata...
782 3433 874 3472 arasa
897 3416 1034 3486 oaaeato',
1051 3415 1206 3487 quatenus
1221 3433 1294 3472 eon·

161 3540 278 3578 oessum
308 3522 354 3578 est
384 3520 483 3594 poetae
515 3519 609 3593 epioe.
694 3519 885 3579 dasem...
903 3520 1007 3591 Amor,
1042 3519 1078 3577 ol.
1097 3519 1173 3583 adn.
1200 3539 1296 3596 supra

161 3627 243 3685 adl.
269 3629 294 3695 9,
316 3628 374 3687 42:
402 3646 528 3685 «aureus
549 3629 641 3701 ipse.»
729 3625 949 3698 Mao·to,be110.
981 3661 999 3666 --
1042 3626 1200 3699 adultera,
1230 3627 1295 3686 He-

160 3735 238 3792 lena.
321 3734 426 3793 nobile
449 3737 578 3806 amoma,
601 3734 684 3792 fama
706 3732 923 3793 celebratum.-
951 3734 1014 3791 -Et
1035 3751 1136 3791 comes
1150 3735 1296 3792 eaetaaca

160 3843 337 3901 Laodamia
357 3844 432 3913 salso,
457 3860 523 3917 quae
544 3843 767 3917 postmortem
789 3841 902 3909 mariti,
934 3840 1104 3907 Protesilai,
1141 3857 1172 3896 se
1196 3842 1296 3898 inter·

159 3949 249 4018 feeit;
272 3948 308 4006 of.
331 3951 425 4006 etiam
448 3948 517 4006 adn.
541 3948 579 4007 ad
601 3949 640 4006 H.
664 3949 691 4017 6,
714 3948 771 4006 41ι
799 3945 1015 4022 «Phylacidae»
1044 3997 1045 4000 ,

212 4054 247 4114 V.
271 4055 318 4113 lo.
340 4057 377 4112 ia
397 4074 468 4115 asoa
491 4064 595 4114 costra
615 4058 713 4126 aereis,
734 4058 766 4113 in
789 4058 889 4113 eastra
908 4053 1072 4129 Cupidinis
1094 4073 1219 4117 amores
1240 4055 1296 4112 he-

158 4182 248 4220 roum
270 4164 300 4220 et
321 4163 522 4220 heroinarum
545 4181 683 4219 narrans.
