2896 4754
160 305 212 358 112
511 331 553 373 an
569 331 591 374 1.
609 327 634 387 4,
653 327 759 374 65-70.
778 328 804 388 5,
824 328 910 375 1-1t.

159 505 327 580 leviterque
363 503 506 564 admotus
537 505 623 564 eunti
650 507 736 565 Velle
767 507 847 565 latus
879 506 984 581 digitis
1016 507 1046 564 et
1077 505 1153 582 pede
1194 507 1291 578 tange

159 611 299 687 pedem».

214 716 250 776 V.
273 720 400 779 65--70,
423 721 608 780 Blanditiae
631 726 765 791 taceant,
787 718 903 777 blanda
916 719 1010 778 verba
1031 721 1065 776 in
1086 720 1163 794 ipso·
1177 737 1291 778 concu-

160 821 235 891 bitu,
260 822 297 881 de
320 823 430 898 quibus
451 825 534 884 infra
553 827 607 886 HJ.
633 826 679 896 11,
703 826 760 886 95:
788 827 873 885 «Illic
906 841 959 904 (sc.
990 826 1024 884 in
1045 824 1138 902 lecto)
1159 844 1217 884 nec
1239 845 1292 884 vo-

162 947 211 988 ees
233 947 290 988 nec
310 930 404 990 verba
425 933 565 991 iuvantia
586 936 736 992 cessent».
757 969 797 974 —-
819 933 912 992 illem
933 950 1057 1008 queque
1077 951 1117 990 ae
1137 933 1234 1002 iuvet,
1250 949 1293 990 sc.

160 1034 265 1094 Venus
287 1036 409 1113 (supple
440 1056 477 1096 ex
497 1057 540 1098 vs.
572 1039 789 1118 praecedente),
823 1058 889 1115 quae
923 1040 983 1099 hoe
1012 1042 1089 1108 lonc,
1121 1040 1155 1097 ut
1186 1039 1294 1114 saepis·

162 1145 247 1214 sime,
269 1144 374 1219 ipsum
395 1145 592 1205 concubitam
614 1146 775 1220 significat.
791 1181 831 1187 —-
846 1147 974 1215 dedisse,
998 1145 1079 1221 apud
1100 1148 1208 1221 poetas
1224 1163 1291 1203 ero·

161 1253 240 1310 ticos
262 1253 401 1311 cbsolute
422 1254 558 1329 positum
591 1253 763 1329 significat:
795 1255 868 1312 darc
899 1252 1030 1312 Veneris
1062 1251 1175 1326 gaudia
1202 1253 1293 1323 vir0;

162 1360 354 1417 eontrarium
378 1363 442 1418 est:
464 1379 580 1436 cepere
602 1363 719 1435 pariter
740 1362 885 1436 positum,
908 1364 943 1419 ut
963 1359 1048 1418 infre
1067 1359 1106 1417 H.
1131 1339 1181 1428 19,
1200 1359 1252 1418 20.

707 1670 742 1731 V.

582 1815 659 1876 Lib.
682 1817 710 1874 Ι.
730 1816 815 1892 etep.
839 1816 870 1875 5.

219 2001 397 2077 Propertius
426 2001 467 2060 Π.
493 2001 535 2060 15.
561 2001 724 2076 descripsit
755 2003 879 2059 noctem
910 1999 1033 2059 felicem
1062 2019 1131 2059 cum
1154 1998 1297 2075 Cynthia

165 2110 333 2182 peractam,
357 2109 443 2167 cuins
475 2109 652 2183 exemplum
683 2109 822 2183 sequitur
851 2108 911 2167 hac
940 2108 1038 2181 elegia
1068 2107 1205 2176 Ovidius,
1230 2109 1296 2167 nisi

167 2212 247 2289 quod
268 2233 324 2290 pro
344 2217 436 2273 noete
458 2214 620 2272 meridiem
641 2213 758 2273 Veneri
778 2213 917 2272 fruendae
943 2211 1089 2271 destinat.

218 2320 253 2378 V.
280 2321 365 2378 1--e
389 2321 530 2378 neencbee
556 2323 690 2380 levanda
714 2314 844 2391 torosos
858 2318 924 2389 Tib.
946 2319 970 2377 I.
990 2321 1014 2389 1,
1045 2320 1104 2379 ll:
1135 2318 1298 2378 «membra

163 2429 266 2487 levare
288 2430 386 2487 toro».
400 2463 441 2468 -
456 2429 533 2486 Pers
548 2430 703 2505 adaperta
716 2429 787 2504 fuit,
797 2447 874 2503 pers
896 2429 997 2486 altera
1019 2429 1127 2485 clause
1136 2429 1294 2502 fenestris,
1314 2404 1318 2409 ’

82 2553 85 2561 ·
166 2535 203 2594 ef.
227 2535 281 2595 Ov.
304 2534 338 2594 A.
370 2535 404 2593 A.
435 2535 492 2593 HI.
524 2535 614 2593 807-
625 2535 684 2593 808
711 2533 762 2611 (de
794 2532 992 2608 concubitu):
1030 2533 1107 2591 «Nee
1128 2533 1230 2591 lucem
1256 2534 1297 2591 in

166 2642 321 2702 thalamos
342 2643 417 2702 totis
438 2642 568 2700 admitte
582 2640 744 2699 fenestris:
760 2640 872 2715 Aptius
886 2641 921 2698 in
935 2641 1037 2697 vestro
1053 2652 1179 2713 corpore
1193 2641 1297 2698 multa

165 2751 292 2809 latent».
316 2749 522 2823 Cogitandum
547 2747 586 2806 de
610 2747 765 2818 fenestris,
789 2765 855 2822 quae
877 2745 990 2805 tabulis
1011 2749 1123 2820 ligneis
1144 2747 1295 2807 claudun·

165 2859 225 2914 tur.
238 2889 278 2897 —
300 2856 401 2926 Quale
415 2857 480 2930 fere
494 2856 581 2914 silete
602 2856 711 2914 lactea
737 2855 850 2912 hebere
870 2855 979 2926 soleat,
1001 2854 1036 2913 cf.
1061 2853 1114 2913 Ov.
1137 2855 1172 2914 A.
1193 2853 1230 2914 A.
1251 2854 1294 2913 H.

166 2962 343 3020 etl-1523:
379 2961 473 3020 «Tum
505 2979 634 3037 quoque,
667 2980 736 3020 cum
768 2963 865 3019 solem
897 2957 1035 3018 nondum
1057 2959 1241 3034 prohibebat
1261 2964 1298 3019 et

166 3067 299 3125 imbrem
320 3067 443 3140 Tegula,
468 3068 521 3126 sed
544 3086 672 3143 quereus
694 3069 776 3125 tecta
791 3065 954 3140 cibumque
971 3066 1096 3137 dabant,
1111 3068 1150 3126 In
1165 3085 1296 3126 nemore

166 3176 257 3250 atque
280 3175 386 3245 antris,
410 3194 475 3233 non
497 3175 552 3234 sub
574 3176 655 3245 Iove,
678 3177 783 3233 iuncta
804 3173 974 3247 voluptas».

219 3281 254 3340 V.
278 3283 364 3340 5-8.
396 3278 559 3359 sapiente}
577 3327 607 3340 ..
641 3281 766 3352 Phoebe,
799 3282 862 3339 sole
884 3278 1061 3340 occidente.
1085 3315 1124 3322 —
1144 3282 1208 3339 Aet
1237 3281 1297 3338 ubi

166 3406 232 3446 ecoe
249 3388 331 3462 ,abite
352 3407 409 3447 aee
432 3395 538 3446 tamea
559 3396 629 3447 orta
650 3390 725 3458 dies,
747 3390 887 3462 tempore
910 3384 1046 3448 diluculi.
1068 3425 1108 3430 ψ
1128 3389 1189 3447 Itte
1210 3406 1296 3446 vere·

167 3498 282 3557 curedis.
301 3498 359 3555 tuse
380 3504 423 3555 est
441 3498 615 3572 proeteeaa
632 3497 758 3572 puellis,
783 3496 820 3553 cf.
842 3493 895 3554 Ov.
928 3496 963 3555 A.
994 3498 1030 3556 A.
1051 3497 1090 3555 Π.
1114 3495 1294 3555 619-620:

173 3604 228 3662 «Et
250 3603 276 3662 si
298 3622 363 3663 non
384 3603 538 3675 tenebras,
554 3606 586 3661 at
601 3601 749 3677 quiddam
770 3601 861 3659 nubis
883 3619 985 3677 opscae
1009 3602 1181 3674 Quaerimus
1202 3604 1298 3678 atque

168 3711 284 3788 sliquid
305 3712 372 3770 luce
388 3714 513 3786 patente
544 3712 686 3777 minus»;
715 3710 821 3786 Eurip.
854 3711 890 3771 fr.
922 3709 990 3769 524.
1021 3707 1062 3766 ΝΞ
1093 3706 1187 3783 (apud
1207 3704 1294 3768 Stob.

166 3817 247 3875 Flor.
272 3817 320 3886 sl,
344 3818 413 3895 10):
435 3810 479 3875 ‘H
494 3813 557 3896 γὰρ
581 3813 702 3894 Κύπρις
725 3814 844 3895 πέφυκε
866 3819 909 3895 τῷ
930 3814 1035 3894 σκότῳ
1057 3812 1139 3894 φίλη,
1165 3810 1204 3874 Τὸ
1226 3815 1298 3893 φῶς

168 3919 196 3984 d'
198 3917 334 4004 ἀνάγκην
353 3918 552 4003 apostilicae
573 3921 761 4003 σωφρονεῖν.

221 4032 257 4092 V.
280 4033 323 4090 9-
335 4032 388 4090 te.
412 4034 523 4091 tunice
536 4034 638 4092 vetata
652 4032 800 4099 recincta,
817 4030 926 4088 eadem
947 4027 1041 4086 verba
1061 4027 1095 4084 in
1116 4027 1178 4085 fine
1198 4027 1296 4085 hexa-

168 4139 260 4196 metri
283 4137 337 4197 Ov.
359 4136 394 4195 A.
416 4136 452 4197 A.
467 4138 491 4196 Ι.
506 4139 583 4209 529;
606 4138 643 4197 cf.
660 4137 848 4196 etiaminfra
862 4136 918 4195 ΙΠ.
937 4136 1022 4205 1,51.
1046 4138 1076 4192 et
1098 4137 1123 4205 7,
1147 4135 1203 4193 81:
1231 4135 1296 4193 rtu-
