2896 4754
591 337 726 380 AMORUM
745 337 795 380 111.
816 335 842 380 7.

289 512 372 577 Cum
396 514 483 576 desit
506 513 656 576 numeris
680 513 754 594 ipsa
777 514 913 575 iuventa
937 514 1031 576 suis?

245 630 292 692 A!
315 629 418 710 pudet
442 629 627 692 annorum!
653 648 753 708 quare
777 629 999 711 iuvenemque
1022 629 1202 710 virumque

199 773 229 810 ιο
289 743 356 806 Nec
380 745 536 806 iuvenem
560 763 622 806 nec
647 764 700 806 me
725 744 831 806 sensit
855 745 963 807 amica
985 745 1119 808 virum?

246 857 299 922 Sic
322 858 475 921 flammas
500 858 632 921 aditura
656 859 729 940 pias
754 864 879 921 aeterna
903 859 1054 922 sacerdos

292 972 403 1056 Surgit
429 977 461 1037 et
485 996 504 1037 a
530 995 606 1037 caro
631 976 732 1037 fratre
756 976 902 1038 verenda
926 994 1029 1038 soror.

244 1092 287 1153 At
310 1111 418 1172 nuper
441 1090 492 1153 bis
516 1090 603 1153 flava
627 1089 753 1165 Chlide,
780 1095 831 1153 ter
855 1089 997 1154 candida
1019 1089 1128 1165 Pitho,

290 1207 351 1270 Ter
374 1206 474 1269 Libas
500 1206 609 1270 officio
634 1207 830 1270 continuata
853 1212 979 1282 meost;

198 1353 228 1390 25
245 1324 383 1404 Exigere
408 1345 427 1386 a
449 1325 547 1388 nobis
572 1329 715 1405 angusta
739 1328 837 1387 nocte
862 1323 1053 1400 Corinnam,

289 1440 343 1502 Me
367 1441 507 1504 memini
530 1460 687 1504 numeros
712 1440 913 1503 sustinuisse
937 1459 1068 1503 novem.

245 1556 332 1619 Num
355 1576 431 1619 mea
455 1556 645 1619 Thessalico
672 1556 834 1634 languent
858 1556 976 1619 devota
999 1576 1129 1619 veneno

290 1669 462 1753 Corpora?
484 1691 566 1734 num
590 1673 712 1735 misero
737 1691 873 1735 carmen
897 1677 929 1736 et
954 1673 1056 1736 herba
1080 1676 1218 1750 nocent,

248 1786 372 1868 Sagave
396 1788 549 1869 poenicea
575 1786 688 1851 defixit
711 1788 850 1850 nomina
874 1809 948 1852 cera

199 1932 230 1969 eo
290 1902 332 1964 Et
355 1901 503 1965 medium
527 1902 639 1965 tenuis
662 1903 699 1964 in
724 1903 815 1965 iecur
838 1906 906 1987 egit
929 1910 1032 1968 acus?

247 2015 402 2082 Carmine
425 2019 506 2081 laesa
529 2017 628 2082 Ceres
654 2019 803 2082 sterilem
827 2021 975 2082 vanescit
998 2019 1036 2081 in
1058 2018 1210 2097 herbam,

288 2132 455 2196 Deficiunt
479 2135 550 2197 laesi
575 2136 720 2198 carmine
745 2136 849 2198 fontis
874 2154 976 2216 aquae,

246 2249 382 2312 ilicibus
406 2249 544 2330 glandes
570 2254 769 2332 cantataque
793 2251 917 2314 vitibus
941 2272 1005 2314 uva

289 2364 430 2439 Decidit,
456 2369 488 2428 et
511 2364 606 2428 nullo
630 2386 732 2447 poma
754 2372 909 2430 movente
933 2365 1052 2430 fluunt.

169 2563 171 2567 Ι
198 2511 227 2547 a
247 2479 334 2558 Quid
356 2483 446 2543 vetat
471 2484 503 2543 et
527 2501 646 2544 nervos
670 2483 817 2562 magicas
842 2486 973 2562 torpere
996 2501 1056 2563 per
1079 2485 1195 2545 artes?

287 2595 445 2658 Forsitan
468 2596 637 2676 inpatiens
662 2598 706 2660 sit
728 2597 818 2660 latus
841 2597 920 2659 inde
943 2618 1064 2661 meum.

246 2710 320 2772 Huc
343 2712 451 2793 pudor
476 2713 615 2775 accessit
639 2714 736 2775 facti:
761 2713 869 2795 pudor
891 2714 964 2794 ipse
987 2714 1147 2788 nocebat;

289 2826 351 2891 Ille
375 2829 440 2891 fuit
463 2829 538 2891 vitii
563 2849 663 2891 causa
687 2828 832 2891 secunda
855 2830 930 2892 mei.

243 2945 288 3006 At
310 2945 443 3025 qualem
466 2943 535 3006 vidi
558 2947 692 3006 tantum
717 2945 876 3024 tetigique
900 2945 1066 3025 puellam:

196 3089 227 3125 40
289 3057 354 3137 (Sic
379 3061 480 3122 etiarn
505 3060 619 3122 tunica
642 3060 792 3139 tangitur
814 3059 875 3121 illa
899 3061 989 3137 sual)

242 3174 339 3238 Illius
364 3176 406 3237 ad
429 3177 555 3237 tactum
579 3174 693 3255 Pylius
716 3175 930 3238 iuvenescere
953 3176 1061 3255 possit

289 3290 515 3371 Tithonosque
541 3291 638 3352 annis
664 3291 781 3352 fortior
805 3311 877 3353 esse
902 3293 980 3355 suis.

242 3404 323 3466 Haec
346 3406 431 3467 mihi
456 3406 659 3486 contigerat!
685 3404 743 3467 sed
766 3406 817 3467 vir
840 3425 911 3467 non
935 3407 1075 3487 contigit
1098 3405 1161 3468 illi.

288 3518 378 3596 Quas
402 3540 493 3581 nunc
517 3520 704 3601 concipiam
728 3541 787 3601 per
810 3540 898 3583 nova
921 3524 998 3583 vota
1021 3525 1161 3603 preces?

196 3665 227 3701 45
246 3631 350 3698 Credo
376 3636 476 3698 etiam
500 3656 651 3716 magnos,
679 3656 744 3717 quo
769 3657 843 3700 sum
867 3640 937 3698 tam
961 3638 1102 3718 turpiter
1125 3656 1217 3712 usus,

287 3751 437 3814 Muneris
463 3752 567 3814 oblati
591 3753 785 3833 paenituisse
811 3753 901 3816 deos.

246 3865 409 3949 Optabam
433 3871 521 3930 certe
545 3869 669 3949 recipi:
696 3890 771 3932 sum
795 3889 918 3950 nempe
942 3872 1113 3949 receptus;

288 3981 410 4045 Oscula
433 3984 537 4045 ferre:
562 3983 643 4058 tuli;
669 3984 839 4064 proximus
865 4003 955 4046 esse:
979 3982 1037 4046 fui.

245 4096 317 4174 Quo
341 4098 426 4161 mihi
451 4100 595 4161 fortunae
619 4103 777 4161 tantum?
801 4118 865 4179 quo
888 4118 992 4178 regna
1016 4099 1087 4160 sine
1110 4098 1201 4161 usu?
