2896 4754
551 373 684 417 AMORUM
703 373 752 416 111.
775 370 879 416 12-13.

243 550 295 613 De
318 550 422 613 Niobe
448 550 585 625 silicem,
612 548 650 610 de
675 549 804 628 virgine
829 551 969 612 fecimus
994 568 1124 621 ursa1n3

290 664 444 729 Concinit
468 663 646 745 Odrysium
671 662 825 746 Cecropis
851 664 920 727 ales
944 664 1039 745 Ityn3

243 782 394 865 Iuppiter
418 785 475 844 aut
498 781 534 842 in
559 800 636 843 aves
661 784 719 842 aut
743 800 777 842 se
802 781 1019 844 transformat
1043 781 1078 843 in
1104 800 1220 842 aurum

289 899 356 961 Aut
380 901 469 962 secat
493 898 642 979 inposita
665 896 793 977 virgine
819 901 934 959 taurus
959 916 1078 978 aquas:

243 1015 363 1078 Protea
386 1014 466 1096 quid
489 1015 630 1076 referam
655 1012 877 1095 Thebanaque
902 1013 1039 1083 semina,
1067 1011 1200 1087 ‹lentes3
1247 1040 1275 1077 cc

290 1130 354 1209 Qui
377 1134 550 1195 vomerent
573 1129 725 1193 flammas
751 1150 815 1205 ore,
842 1131 945 1192 fuisse
969 1130 1077 1197 boves.

242 1247 340 1310 Flere
364 1248 457 1329 genis
483 1247 606 1310 electra
628 1251 712 1320 tuas,
738 1247 870 1327 Auriga,
899 1266 1037 1319 sorores

290 1362 432 1445 Quaque
457 1365 544 1425 rates
570 1362 702 1436 luerint,
729 1382 818 1425 nunc
842 1363 944 1424 maris
969 1381 1040 1423 esse
1065 1359 1151 1428 (teas,

244 1482 469 1563 Aversumque
494 1479 582 1542 diem
606 1480 733 1542 mensis
758 1479 933 1542 furialibus
957 1478 1048 1540 Atrei

288 1596 442 1678 Duraque
465 1616 657 1678 percussam
682 1616 760 1659 sara
784 1599 896 1658 secuta
919 1595 1050 1676 lyram?
1248 1623 1276 1660 ro

242 1710 319 1774 Exit
340 1713 377 1774 in
400 1712 593 1774 inmensum
617 1710 759 1773 fecunda
782 1711 918 1773 licentia
940 1714 1062 1778 vatum,

290 1826 423 1908 Obligat
446 1827 606 1889 historica
630 1848 692 1889 nec
717 1847 777 1890 sua
800 1828 899 1889 verba
922 1825 1005 1900 fide;

242 1942 286 2006 Et
308 1962 383 2006 mea
407 1942 566 2006 debuerat
589 1944 674 2006 falso
698 1942 834 2005 laudata
857 1942 961 2005 videri

287 2058 445 2120 Femina:
471 2057 650 2121 credulitas
675 2079 765 2120 nunc
789 2059 875 2120 mihi
899 2037 1140 2121 vestra'noect.

671 2343 760 2405 Xlll.

244 2519 327 2586 Qum
349 2521 434 2584 mihi
456 2523 628 2603 pomiferis
653 2526 798 2586 coniunx
821 2526 905 2586 foret
929 2528 1002 2585 orta
1024 2524 1173 2598 Faliscis,

289 2637 414 2702 Moenia
438 2639 639 2720 contigimus
663 2640 757 2715 victa,
785 2639 932 2715 Camillo,
958 2639 1028 2702 tibi.

245 2751 344 2817 Casta
367 2755 555 2818 sacerdotes
579 2755 702 2817 Iunoni
726 2757 811 2818 festa
834 2756 997 2836 parabant

288 2869 350 2932 Per
374 2868 520 2932 celebres
545 2869 640 2932 ludos
665 2870 923 2952 indigenamque
947 2872 1084 2933 bovem:

244 2983 378 3048 Grande
401 3006 503 3048 morae
527 2987 671 3068 pretium
696 2987 779 3050 ritus
805 3008 1011 3069 cognoscere.
1038 2988 1187 3069 quamuis
1262 3017 1275 3052 5

288 3101 445 3166 Difficilis
470 3103 563 3166 clivis
588 3104 652 3166 huc
677 3105 730 3167 via
755 3105 877 3185 praebet
900 3105 972 3167 iter.

244 3216 317 3281 scat
340 3223 434 3281 vetus
459 3223 492 3281 et
515 3219 619 3281 densa
642 3221 846 3300 praenubilus
872 3220 986 3283 arbore
1010 3220 1124 3291 lucus;

288 3333 449 3415 Adspice:
469 3334 630 3397 concedas
654 3355 780 3397 numen
805 3337 914 3398 inesse
938 3337 1011 3398 loco
1023 3360 1030 3410 ;

243 3448 371 3529 Accipit
394 3469 452 3511 ara
474 3469 587 3530 preces
612 3451 788 3531 votivaque
812 3455 887 3513 tura
910 3451 1051 3531 piorum,

288 3565 354 3626 Ara
377 3585 436 3645 per
460 3566 614 3647 antiquas
638 3568 725 3629 facta
750 3567 821 3628 sine
846 3571 916 3629 arte
940 3586 1069 3629 manus.
1248 3595 1277 3630 10

242 3678 340 3756 Hinc,
366 3680 424 3743 ubi
448 3683 632 3761 praesonuit
657 3684 812 3746 sollemni
835 3684 918 3746 tibia
942 3688 1051 3758 cantu,

286 3794 317 3858 It
339 3815 399 3876 per
422 3796 548 3860 velatas
573 3817 686 3861 annua
708 3820 832 3881 pompa
854 3799 944 3873 vias3

242 3907 417 3973 Ducuntur
440 3911 545 3973 niveae
569 3914 694 3994 populo
718 3914 898 3994 plaudente
922 3916 1077 3986 iuvencae,

289 4024 379 4102 Quas
404 4028 487 4090 aluit
511 4029 637 4110 campis
663 4030 765 4093 herba
788 4031 920 4094 Falisca
944 4033 1023 4107 suis,

241 4139 284 4202 Et
306 4142 403 4205 vituli
426 4144 578 4206 nondum
602 4147 782 4209 metuenda
806 4149 915 4210 fronte
939 4149 1086 4212 minaces
1249 4180 1275 4216 15
