2894 4740
596 324 732 370 AMORUM
750 324 785 367 11.
808 322 855 367 16.v

248 503 314 564 Aut
337 503 495 564 iuvenum
520 503 656 565 comites
680 504 858 566 iussissent
881 504 928 565 ire
951 505 1090 585 puellas,

294 616 328 680 Si
354 618 416 680 fuit
439 618 475 680 in
514 593 616 697 ongas
640 623 728 681 terra
753 619 1007 684 secundariae!

249 735 332 797 Tum
356 735 450 808 mihi,
480 736 508 797 si
531 755 715 816 premerem
739 740 895 799 ventosas
919 737 1074 800 horridus
1097 739 1208 821 Alpes

203 880 232 916 ao
293 850 483 914 Dummodo
508 871 583 912 eum
601 850 753 926 domina,
780 853 881 914 molle
905 854 1025 917 fuisset
1047 854 1128 929 iter;

164 1024 166 1026 ,
250 965 332 1030 Cum
357 965 494 1028 domina
518 967 659 1047 Libycas
685 968 794 1029 ausim
818 988 1031 1049 perrumpere
1057 967 1167 1050 Syrtes

293 1082 335 1145 Et
359 1081 435 1144 dare
460 1102 529 1144 non
554 1083 657 1164 aequis
681 1083 755 1144 vela
779 1082 915 1146 ferenda
937 1084 1050 1159 Notis;

250 1201 324 1263 Non
348 1220 419 1281 quse
443 1200 592 1280 virgineo
617 1203 772 1280 portenta
797 1200 857 1262 sub
880 1200 1018 1281 inguine
1042 1201 1175 1276 latrant,

293 1317 360 1379 Nec
382 1316 521 1378 timeam
543 1320 679 1390 vestros,
707 1336 806 1378 111111
829 1316 947 1391 Malea,
975 1318 1078 1390 sinus,

204 1461 231 1496 2⁵
249 1431 323 1493 Non
348 1450 429 1512 quas
454 1430 635 1492 submersis
660 1409 787 1493 rat-ibus
812 1437 960 1495 saturata
984 1431 1165 1513 Charybdis

295 1546 421 1608 Fundit
446 1549 478 1608 11
503 1544 624 1608 effusas
650 1566 706 1608 ore
730 1551 877 1629 receptat
901 1568 1012 1630 aquas.

188 1645 191 1650 ¹
251 1664 346 1741 Quod
371 1665 400 1726 si
423 1663 570 1745 Neptuni
594 1665 734 1725 ventosa
756 1664 908 1745 potentia
931 1665 1043 1739 vincit,

294 1782 336 1844 Et
360 1782 580 1844 subventuros
605 1782 731 1843 auferet
755 1780 846 1843 unda
871 1780 958 1855 deos,

249 1897 297 1960 Tu
321 1899 446 1960 nostris
470 1898 586 1960 niveos
609 1898 734 1960 umeris
758 1898 882 1978 inpone
906 1898 1067 1962 lacertos:

204 2041 233 2079 so
295 2011 440 2094 Corpore
464 2032 525 2075 nos
551 2012 640 2074 facili
665 2012 759 2075 dulce
783 2013 927 2075 feremus
952 2032 1056 2087 onus;

250 2125 342 2209 Saepe
367 2131 485 2208 petens
509 2128 623 2190 Heron
647 2128 778 2190 iuvenis
802 2131 1035 2191 transnaverat
1057 2127 1182 2191 undas:

294 2244 377 2306 Tum
402 2262 530 2323 quoque
554 2247 771 2318 transnasset,
798 2242 857 2305 sed
879 2244 933 2306 via
956 2263 1041 2305 caeca
1064 2244 1135 2307 fuit.

222 2348 223 2351 ¹
250 2361 292 2422 At
317 2359 455 2432 sinete,
483 2358 633 2438 quamvis
658 2358 791 2439 operosi
814 2358 938 2421 ritibus
962 2359 1031 2438 agri

295 2473 348 2538 Me
373 2479 520 2549 teneant,
549 2475 700 2555 quamvis
726 2475 882 2538 amnibus
907 2495 984 2538 arva
1007 2478 1134 2549 natent,

206 2620 233 2656 15
251 2591 294 2654 Et
317 2595 411 2655 vocet
435 2591 470 2654 in
495 2591 584 2654 rivos
609 2594 796 2653 currentem
820 2589 963 2652 rusticus
986 2588 1121 2664 undam,
1176 2598 1178 2600 ’

295 2706 495 2788 Frigidaque
519 2707 674 2770 arboreas
697 2705 844 2770 mulceat
868 2703 950 2767 aura
973 2723 1094 2778 eomas,

252 2821 326 2884 Non
351 2841 410 2903 131
436 2822 600 2904 Paelignos
623 2822 737 2885 videor
761 2821 927 2884 celebrare
952 2820 1109 2895 salubres,

292 2937 371 3001 Non
396 2958 456 3019 ego
480 2940 636 3014 natalem,
663 2959 741 3001 rura
763 2943 913 3020 paterna,
938 2937 1059 3017 locum,

253 3054 318 3117 Sed
334 3051 505 3136 Scythiam
522 3052 707 3134 Cilicasque
723 3055 811 3117 feros
828 3054 1016 3134 vitreosque
1033 3051 1224 3126 Britannos

207 3200 236 3237 ro
298 3171 442 3251 Quaeque
464 3169 663 3232 Prometheo
689 3189 766 3232 saxa
790 3190 907 3232 eruore
931 3169 1060 3231 rubent.

253 3286 372 3350 Ulmus
398 3289 488 3347 amat
511 3284 622 3360 vitem,
648 3284 726 3347 vitis
751 3304 820 3347 non
844 3283 967 3346 deserit
989 3283 1140 3344 ulmum:

299 3399 441 3481 Separor
464 3421 484 3462 a
507 3398 644 3461 domina
667 3419 725 3461 eur
749 3419 808 3480 131
834 3418 919 3479 saepe
943 3400 1041 3460 mea?

252 3516 295 3577 At
319 3516 403 3577 mihi
427 3520 459 3577 te
484 3516 640 3578 comitem
665 3516 794 3577 iuraras
817 3534 922 3596 usque
946 3514 1094 3575 futuram

298 3631 360 3693 Per
383 3651 436 3693 me
461 3651 582 3712 perque
608 3631 731 3706 oculos,
759 3629 867 3692 sidera
890 3633 1013 3701 nostra,
1040 3631 1136 3688 tuos:

208 3776 236 3809 45
254 3745 362 3809 Verba
384 3746 583 3826 puellarum,
610 3747 699 3810 foliis
724 3747 849 3810 leviora
874 3744 1014 3816 caducis,

298 3861 414 3938 Inrita,
440 3883 505 3944 qua
528 3863 681 3940 visumst,
706 3866 826 3926 ventus
851 3864 883 3923 et
906 3858 997 3921 unda
1020 3859 1140 3919 ferunt.

255 3976 357 4058 Siqua
380 3979 447 4041 mei
471 3981 584 4041 tamen
608 3979 719 4043 estin
743 3981 775 4040 te
800 3978 856 4057 pia
880 3995 957 4039 cura
981 3973 1096 4048 relicti,

299 4094 413 4176 Incipe
436 4095 597 4177 pollicitis
622 4093 741 4157 addere
766 4096 854 4157 faeta
877 4093 944 4157 tuis
