2896 4754
540 368 617 413 lna
639 367 680 425 13,
698 366 803 413 43-47.
825 366 865 426 ιν,
886 366 953 414 1-4.
1257 349 1308 400 149

181 544 214 601 ei
244 542 353 602 tribuit
374 542 463 617 Verg.
486 542 561 601 Aen.
585 542 637 601 IV.
662 543 736 612 721,
771 543 933 618 quadrigas
963 544 1060 620 Lygd.
1083 545 1110 612 4,
1141 544 1211 602 17.·
1269 546 1307 604 ob

183 653 290 722 orions,
321 651 360 710 ob
392 670 462 710 cum
493 650 626 709 ablativo
656 669 712 725 pro
744 650 876 710 ablativo
909 653 1042 726 simplici
1073 650 1111 710 ad
1133 652 1309 726 exemplum

183 755 275 834 Prop.
298 758 339 817 IL
363 758 410 828 al,
437 758 490 816 11:
517 757 656 833 cquando
678 761 831 833 periturus
858 762 888 817 et
909 777 927 817 a
948 778 1008 835 qua
1028 759 1157 828 Morte»,
1180 757 1237 816 ΙΙΙ.
1263 758 1306 826 11,

184 864 242 923 m:
269 864 328 923 «Ne
349 865 471 940 possint
492 867 575 925 tacto
597 867 747 940 stringere
770 865 806 923 ab
828 884 883 924 axe
904 866 1012 933 latus»,
1036 866 1087 924 IV.
1105 866 1132 935 3,
1148 865 1204 923 39:
1225 881 1308 940 ‹iquae

183 970 275 1029 tellus
296 973 396 1047 putris
419 971 455 1029 ab
477 974 569 1030 astu»
596 974 650 1030 etc.
734 991 782 1030 nnc
798 1019 803 1030 .
817 1019 843 1031 ..
868 973 1065 1042 conciliante,
1088 992 1126 1030 so.
1150 969 1307 1030 matrimo-

184 1078 273 1135 nium
295 1079 488 1136 conciliante.

239 1182 274 1240 V.
297 1184 423 1241 lenm
457 1190 532 1261 quot
561 1203 684 1242 somnos
714 1184 823 1242 iacent
854 1185 982 1242 donarit
1014 1191 1120 1242 cerroto
1142 1159 1244 1255 Lanu,
1270 1181 1306 1241 cf.

186 1288 247 1347 Oic.
270 1289 355 1349 Tusc.
379 1291 402 1348 Ι.
427 1291 473 1359 38,
497 1293 553 1351 92:
581 1311 615 1350 «a
635 1292 725 1352 Luna
755 1293 935 1369 consopitus
966 1294 1092 1368 putatur
1120 1290 1306 1368 Endymion,

184 1401 218 1454 ut
250 1416 319 1456 eum
349 1397 556 1457 dormientem
578 1401 823 1458 oscularetur...
850 1401 884 1457 in
905 1400 1016 1458 Latmo
1039 1400 1233 1467 obdormivit,
1257 1401 1308 1474 qui

184 1507 233 1562 est
259 1524 349 1564 mons
378 1506 501 1566 Gariae.»
526 1543 532 1548 -
587 1508 689 1582 formo
721 1511 868 1580 socienda,
896 1507 1031 1566 inferior.
1115 1509 1183 1582 lpse
1214 1511 1309 1567 decem

182 1615 366 1688 genitor...
402 1615 563 1684 Coelimisit
584 1623 688 1674 noctes
708 1617 745 1673 in
776 1634 835 1673 sno
856 1622 926 1673 coto
947 1618 1036 1686 diens,
1068 1616 1216 1691 Iuppiter,
1239 1633 1309 1673 cum

183 1717 226 1778 ad
246 1719 426 1788 Alcmenen,
448 1723 581 1779 matrem
595 1722 738 1780 Herculis
759 1721 904 1793 suturam,
920 1722 1142 1794 descendisset;
1165 1741 1202 1780 ex
1215 1721 1308 1780 Mele-

182 1828 252 1898 agri
274 1827 495 1901 epigrammate
519 1826 624 1903 (Anth.
648 1828 711 1886 Pal.
735 1828 769 1888 V.
796 1829 860 1897 172,
884 1830 930 1887 52-
945 1830 969 1887 6.
995 1828 1031 1887 de
1059 1828 1206 1904 Aurora):
1224 1819 1309 1904 Ἤδη

181 1930 248 2012 γὰρ
270 1931 321 1992 καὶ
341 1928 489 2012 πρόσθεν
511 1928 562 1994 ἐπ’
580 1927 738 2016 Ἀλκμήνην
759 1931 831 2000 Διὸς
861 1929 957 2016 ἦλθες
976 1928 1092 1998 Ἀντίος·
1123 1927 1179 1992 οὐκ
1210 1925 1311 2012 ἀδαὴς

182 2039 262 2100 ἐσσι
281 2038 515 2123 παλινδρομίης.
536 2078 575 2083 --
600 2043 771 2115 Commisit,
794 2043 961 2101 coniunxit.
985 2045 1081 2101 --in
1102 2061 1161 2100 sna
1182 2047 1260 2114 uoto,
1276 2042 1310 2098 ut

180 2148 266 2205 votis
287 2149 446 2222 potiretur.

240 2253 275 2311 l'.
297 2254 344 2312 ll.
367 2255 508 2328 rubebat,
530 2258 688 2329 tamquam
710 2254 834 2330 pudore,
857 2257 1052 2329 peccatorum
1075 2255 1205 2313 conscia.

710 2498 791 2557 XIV.

588 2623 664 2685 Lib.
687 2624 717 2684 I.
739 2625 823 2700 clep.
845 2623 906 2698 14.

239 2789 416 2866 Propertius
448 2791 489 2849 Π.
526 2792 573 2861 18,
606 2791 652 2850 23.
687 2808 751 2865 sqq.
787 2789 988 2865 reprehendit
1019 2788 1196 2865 Cynthiam‚
1230 2788 1310 2864 quod

186 2897 313 2971 capillos
342 2897 478 2957 tinxerit.
509 2897 638 2958 Ovidius
663 2898 838 2972 exemplum
869 2897 1009 2971 magistri
1031 2898 1151 2954 secutus
1179 2897 1310 2954 amicam

186 3022 275 3062 suam
295 3003 378 3064 idem
399 3006 506 3065 fecisse
528 3008 558 3064 et
581 3004 619 3063 ob
640 3004 672 3062 id
693 3006 796 3080 ipsum
818 3004 945 3079 capillos
966 3001 1136 3078 perdidisse
1158 3003 1255 3075 fingit.

241 3111 276 3170 V.
303 3112 387 3171 1-a
418 3115 583 3184 inedicon’e,
612 3111 748 3182 inficere,
779 3110 916 3187 pingere,
948 3113 982 3168 ut
1009 3129 1101 3186 supra
1129 3111 1152 3168 Ι.
1186 3111 1230 3183 lt,
1255 3109 1309 3182 11:

191 3219 305 3277 «minio
330 3219 459 3294 'penitus
486 3218 664 3278 medicata.»
753 3219 885 3293 Tinpere
916 3237 1013 3293 qinom
1036 3218 1145 3293 possis,
1174 3218 1309 3292 pingere,

188 3328 332 3384 colorare.
366 3327 511 3385 Mulieres
532 3326 680 3384 Romanae
702 3326 829 3400 capillos
851 3326 987 3384 colorare
1010 3325 1156 3395 solebant,
1185 3327 1219 3382 ut
1240 3323 1311 3390 flavi

187 3433 237 3490 vel
257 3434 342 3490 rutili
363 3433 487 3504 fierent;
510 3432 591 3491 unde
613 3433 702 3508 Prop.
726 3433 768 3503 H,
793 3433 838 3502 18,
855 3433 912 3506 25:
940 3430 1065 3507 «Turpis
1086 3431 1227 3489 Romano
1241 3431 1311 3489 Bel·

187 3541 273 3613 gicus
294 3559 345 3599 ore
367 3541 466 3599 color»
492 3543 522 3598 et
544 3541 597 3600 Ον.
621 3541 654 3599 Α.
678 3540 712 3600 Α.
736 3542 793 3599 ΙΠ.
819 3541 890 3600 163;
911 3541 1056 3599 «Femina
1077 3541 1223 3598 canitiem
1239 3539 1311 3599 Ger-

188 3649 290 3706 manis
310 3647 411 3708 inficit
431 3649 552 3708 herbis»
578 3648 597 3706 i.
614 3668 638 3707 e.
662 3648 774 3706 talibus
796 3649 908 3718 herbis,
932 3666 998 3722 quae
1020 3647 1098 3705 flavo
1121 3648 1221 3706 colore
1238 3644 1311 3703 Ger·

188 3756 290 3812 manis
310 3755 436 3830 proprio
460 3756 587 3831 capillos
608 3757 742 3830 tingunt.
759 3791 799 3796 ——
812 3757 852 3814 At
872 3758 899 3814 si
917 3772 1015 3829 poseo
1034 3755 1123 3829 foros,
1146 3754 1223 3828 qnid
1246 3731 1321 3811 erut

188 3862 356 3936 spatiosius
376 3863 450 3934 iltis,
471 3862 530 3920 hoc
551 3862 617 3921 loco
641 3869 708 3920 erat
728 3861 854 3937 ponitur
875 3879 930 3935 pro
953 3866 1036 3930 esset,
1068 3862 1102 3916 ut
1123 3877 1215 3936 supra
1237 3859 1260 3917 Ι.
1284 3860 1311 3928 6,

190 3965 243 4033 34ε
271 3965 375 4038 «Solus
397 3987 494 4042 eram,
525 3970 636 4027 sinon
663 3988 760 4028 saevus
792 3969 912 4026 adesset
932 3966 1053 4025 Amor.»
1078 4001 1118 4006 -
1141 3984 1204 4041 qno
1226 3971 1313 4039 potet

191 4089 298 4149 usqne,
331 4075 423 4147 totns,
455 4078 606 4150 quatenus
638 4075 822 4134 extenditur.
858 4074 1001 4147 Longum
1035 4072 1115 4130 latus
1150 4072 1312 4146 pulchrum

190 4179 351 4241 videbatur
372 4185 523 4260 antiquis;
547 4184 583 4243 of.
607 4184 678 4243 adn.
702 4202 794 4259 supra
815 4181 853 4240 ad
875 4182 898 4239 Ι.
922 4182 948 4250 5,
974 4182 1018 4239 lt.
