2896 4754
157 323 209 375 ο13ϋί
586 346 629 389 ΔΙ)
643 346 692 389 111.
707 343 732 399 6,
749 343 853 390 19-28.

157 520 335 579 coo—ool:
363 519 490 595 «pennis
512 519 587 594 ligat
607 520 658 578 ille
680 519 846 596 resumptis
868 480 959 579 Parte
982 521 1019 580 ab
1040 523 1177 598 utraque
1200 520 1299 596 pedes

47 649 57 671 ·
158 626 279 700 teloque
302 626 471 700 accingitur
492 646 571 686 unco
593 627 632 686 Et
663 629 816 704 liquidum
845 629 938 687 motis
968 629 1117 688 talaribus
1139 646 1219 687 aera
1241 627 1298 684 fin-

158 732 231 790 ditn.
315 735 449 792 derisum
465 781 471 794 .
489 778 518 793 ..
545 753 651 816 caprae
673 743 778 811 caput,
799 737 928 795 Perseus
950 735 1081 795 abscidit
1102 737 1202 812 caput
1233 733 1300 793 Me·

158 839 249 907 dosa,
273 838 306 896 in
330 858 389 914 quo
419 859 476 914 pro
505 842 624 916 capillis
656 861 771 917 angues
803 846 899 902 erant.
932 878 971 884 —
1003 861 1146 913 crismam,
1171 845 1213 902 de
1235 859 1300 917 quo

162 947 304 1004 Cerealia
323 949 465 1021 pataream
498 946 630 1007 Semina
650 957 803 1008 uenerant
824 952 861 1009 ia
881 954 961 1010 rude
981 951 1078 1008 misso
1099 951 1218 1019 solum,
1242 947 1300 1006 Ce-

159 1071 208 1110 res
229 1070 353 1111 currum
375 1053 525 1128 anguibus
546 1058 689 1123 tractum,
706 1075 766 1132 quo
788 1076 844 1132 per
865 1075 936 1115 aera
955 1056 1028 1115 vehi
1052 1055 1184 1124 solebat,
1208 1054 1300 1130 Trip-

159 1159 283 1230 tolemo,
308 1159 392 1218 Celei
412 1160 477 1218 filio
508 1161 601 1232 dedit,
633 1166 667 1221 ut
698 1165 725 1221 is
755 1183 846 1222 curru
867 1163 920 1223 illo
941 1167 1047 1223 vectus
1068 1162 1302 1238 agriculturam

159 1284 215 1340 per
235 1268 335 1324 totum
358 1267 464 1325 orbem
485 1270 638 1326 terrarum
659 1273 860 1345 propagaret;
884 1269 920 1328 cf.
945 1269 998 1328 Ov.
1022 1270 1095 1328 Met.
1127 1269 1166 1328 V.
1196 1269 1264 1328 cla·
1297 1305 1302 1309 ·

159 1373 236 1432 647:
264 1376 419 1449 «geminos
442 1375 499 1433 dea
520 1376 630 1434 fertilis
653 1396 767 1452 angues
798 1377 943 1436 Curribus
965 1377 1102 1436 admovit
1132 1376 1302 1451 frenisque

159 1480 294 1539 coercuit
308 1500 363 1540 ora
376 1482 417 1540 Et
430 1483 568 1541 medium
590 1484 657 1541 caeli
677 1486 828 1559 terraeque
849 1502 905 1559 per
926 1503 997 1542 aera
1017 1486 1106 1542 vecta
1127 1487 1180 1542 est
1195 1484 1303 1562 Atque

160 1587 259 1644 levem
281 1606 405 1646 currum
427 1587 590 1645 Tritonida
610 1587 696 1646 misit
718 1589 751 1646 in
773 1588 881 1647 urbem
902 1589 1092 1664 Triptolemo
1112 1593 1303 1668 partimque

160 1693 229 1751 rudi
251 1693 323 1752 data
344 1695 465 1752 semina
485 1694 575 1753 iussit
597 1694 746 1770 Spargere
769 1696 881 1754 humo»
907 1699 938 1755 et
959 1696 1048 1755 Trist.
1071 1697 1129 1755 HL
1149 1699 1178 1766 8,
1201 1699 1302 1758 1-a:

165 1801 269 1859 «Nunc
292 1821 347 1876 ego
369 1802 552 1878 Triptolemi
574 1822 719 1878 cuperem
741 1804 909 1862 consistere
932 1823 1032 1874 curru,
1054 1804 1142 1862 Misit
1157 1804 1194 1862 in
1209 1806 1303 1880 igno·

160 1912 225 1965 tam
247 1910 299 1983 qui
321 1907 395 1966 rude
418 1929 525 1967 semen
547 1910 704 1968 humum».
738 1945 749 1949 —-
807 1913 886 1969 rade
903 1960 908 1970 .
925 1957 955 1969 ..
987 1913 1099 1977 solum,
1131 1930 1171 1968 eo
1198 1931 1303 1987 usque

161 2034 225 2072 non
250 2016 374 2074 cultum.

216 2121 250 2180 V.
280 2123 326 2200 19-
358 2124 404 2181 tl.
428 2126 507 2199 ripis
523 2170 529 2183 .
547 2171 576 2183 ..
602 2125 780 2199 capacibus,
804 2143 870 2200 qua
892 2143 1039 2197 magnam
1061 2143 1216 2199 aquarum
1250 2143 1302 2183 eo-

161 2229 246 2305 piam
269 2248 378 2304 capere
400 2234 539 2305 possunt.
562 2231 687 2289 Habent
709 2234 863 2289 torrentes
885 2231 1067 2306 plerumque
1089 2230 1175 2306 ripas
1199 2231 1303 2301 altas;

161 2336 198 2394 cf.
221 2335 304 2394 infra
324 2356 366 2394 us
391 2339 447 2396 86:
475 2338 553 2395 «Neo
575 2339 657 2412 capit
688 2337 838 2396 admissas
861 2337 963 2395 alveus
996 2337 1075 2395 altus
1107 2355 1237 2411 aquas».
1263 2373 1278 2378 -
1294 2371 1304 2377 ›-

163 2452 299 2517 mteracls
321 2463 382 2516 aas,
405 2442 490 2512 fluas
513 2448 548 2501 ut
562 2444 644 2502 infra
664 2464 706 2502 vs
730 2445 787 2504 98:
815 2445 977 2519 aperennis
999 2462 1078 2502 eas».
1091 2478 1130 2484 —-
1152 2443 1219 2519 fiae
1236 2449 1303 2512 tuo,

161 2547 245 2608 intra
275 2549 353 2608 fines
381 2553 458 2620 tuos,
491 2550 524 2607 in
555 2551 649 2608 alveo
682 2587 691 2591 -
717 2587 720 2590 <
752 2552 904 2610 iasoida'oe.
923 2596 951 2608 ..
983 2553 1131 2627 serendae,
1165 2548 1301 2617 dativus,

163 2655 290 2731 supple:
314 2676 378 2715 non
400 2658 461 2715 eris
483 2677 540 2733 par
569 2657 693 2716 invidiae
724 2657 866 2716 ferendas.
899 2657 1018 2714 Eodem
1048 2655 1140 2714 modo
1164 2655 1303 2716 dicitur:

162 2783 227 2822 non
250 2768 296 2822 est
317 2766 472 2825 solvendo.
498 2765 541 2824 Cf.
567 2767 619 2824 Ov.
643 2767 715 2824 Met.
739 2767 775 2824 Χ.
800 2766 877 2824 628:
905 2766 991 2823 «Non
1013 2763 1072 2822 erit
1092 2762 1220 2823 invidiae
1237 2764 1301 2822 vic-

163 2871 243 2929 toria
264 2877 371 2931 nostra
392 2873 554 2932 ferendae».

219 2978 253 3037 V.
279 2979 317 3037 25
360 2981 408 3038 26.
432 2981 580 3049 Iasaollas,
603 2980 714 3038 fluvius
736 2979 978 3055 indrgolide-
1027 2980 1064 3037 a'a
1080 2979 1301 3054 MelieBttap-

164 3085 240 3143 aide
266 3088 409 3162 pallidus
440 3090 506 3160 isse,
539 3087 575 3145 cf.
608 3087 661 3146 Ov.
694 3087 728 3145 A.
761 3087 794 3144 A.
828 3087 850 3144 Ι.
886 3086 1062 3145 alla-«alaz
1089 3084 1245 3144 «Pallidus
1267 3085 1300 3143 in

165 3190 236 3250 Side
259 3191 343 3250 silvis
376 3192 496 3251 errabat
528 3192 643 3263 Orion;
675 3191 811 3251 Pallidus
844 3191 877 3249 in
908 3192 994 3249 lenta
1024 3190 1122 3248 Naide
1152 3191 1300 3267 Daphnis

168 3301 262 3357 eracl.
286 3301 382 3358 Poeta
405 3299 545 3357 imitatur
566 3300 656 3374 Prop.
679 3300 702 3356 I.
732 3300 777 3366 13,
801 3299 837 3357 8:
865 3300 914 3355 «in
946 3297 1078 3371 quadam
1108 3296 1205 3355 tardis
1236 3298 1300 3373 pal·

165 3409 280 3463 lesoere
303 3407 402 3464 curisa
429 3410 460 3464 et
480 3407 521 3464 ΙΙ.
547 3409 574 3476 8,
597 3408 654 3466 28:
682 3406 829 3482 «Semper
850 3406 883 3464 in
905 3409 984 3464 irata
1005 3396 1138 3481 pallidus
1160 3422 1227 3462 esse
1250 3423 1299 3462 ve-

165 3513 248 3570 lim».
272 3514 319 3571 De
341 3534 398 3572 usu
419 3514 649 3590 praepositionis
670 3517 708 3573 a'a
729 3514 765 3572 ef.
790 3514 859 3572 adn.
884 3533 977 3589 supra
998 3512 1036 3570 ad
1058 3512 1081 3569 Ι.
1100 3513 1127 3580 7,
1149 3511 1207 3570 34ε
1229 3529 1298 3568 «sa-

165 3639 221 3676 vus
242 3619 276 3676 in
297 3621 414 3679 hostel.
437 3655 477 3664 -
500 3621 600 3692 Melie,
622 3621 769 3696 nympha.
793 3655 796 3659 -
826 3656 832 3659 v
850 3621 1001 3694 pallidus.
1034 3635 1138 3675 amore
1159 3615 1298 3692 pallens;

166 3727 202 3784 cf.
228 3727 296 3784 adn.
320 3747 413 3803 supra
435 3728 472 3786 ad
495 3729 534 3786 Π.
559 3729 585 3797 7,
609 3730 645 3787 9;
673 3727 759 3787 «Sive
782 3728 881 3785 bonus
903 3726 987 3785 color
1008 3726 1082 3783 esa.
1105 3759 1146 3763 ---
1161 3725 1228 3794 isse,
1244 3721 1298 3780 flu·

40 3833 42 3837 ’
166 3833 256 3891 xisse.
340 3838 472 3911 petiolis.
489 3881 519 3894 ..
541 3837 640 3906 vadis,
662 3833 770 3908 gelidae
794 3834 858 3890 eius
880 3831 971 3889 undae
993 3830 1196 3889 incaluerunt.

221 3939 255 3999 V.
278 3941 325 3999 28.
349 3944 460 4017 rapuit
481 3942 585 3999 mallus
601 3987 606 3999 .
625 3987 654 3999 ..
680 3947 757 4010 tuos,
780 3938 894 4006 oculoS,
917 3939 1065 4012 utsupra
1096 3934 1137 3992 Π.
1172 3934 1218 4004 19,
1245 3935 1298 3993 19:

172 4067 254 4122 cquae
277 4051 400 4106 nostros
422 4049 554 4123 rapuisti
574 4066 676 4121 nuper
697 4045 838 4112 ocellosa,
862 4044 915 4102 ubi
936 4043 1005 4101 vide
1022 4041 1090 4100 adn.
1107 4077 1117 4082 —
1143 4041 1298 4102 Xantho.

167 4155 278 4214 fluvius
300 4145 333 4213 in
354 4153 473 4213 Troade
505 4153 542 4211 ab
572 4153 710 4211 Homero
742 4151 920 4209 celebratus
944 4187 952 4190 -
979 4185 983 4189 ·
1006 4149 1129 4220 Νεῶνα,
1151 4146 1298 4224 nympha.
