2896 4754
235 319 284 371 iss
660 339 701 383 io
716 340 752 383 11.
768 338 811 398 io,
827 335 931 384 15-34.

233 517 321 584 ciliae,
344 514 396 573 ubi
418 517 568 591 templum
590 515 824 584 celeberrimum
844 515 975 574 Veneris
999 514 1076 584 fuit;
1098 515 1137 573 cf.
1159 513 1240 573 Hor.
1264 512 1367 573 Cario.

232 623 255 680 Ι.
279 624 307 692 t,
331 623 369 681 33
387 624 468 683 -31ε
496 623 645 698 «Erycina
676 622 790 692 ridens
822 621 921 694 Quam
950 623 1040 682 Iocus
1071 623 1187 680 circum
1219 620 1308 678 volat
1340 623 1369 678 et

233 728 379 804 Cupido.»
468 730 543 789 Non
563 740 630 790 erut
651 731 688 789 in
710 750 802 790 curus
824 749 893 788 rana
909 729 1020 804 praello
1041 730 1126 801 satis,
1148 747 1186 787 ex
1208 729 1305 804 Prop.
1326 727 1368 786 H.

234 837 280 906 25,
303 837 441 897 47---18ς
469 837 562 897 «Cum
586 838 661 895 satis
683 856 745 896 una
766 838 828 895 tuis
848 837 1008 896 insomnia
1028 838 1131 912 portet
1152 837 1272 906 ocellis,
1298 835 1368 895 Una

233 944 273 1002 sit
295 947 325 1002 et
346 945 442 1003 cuivis
464 943 581 1002 femina
602 947 699 1003 multa
720 945 827 1003 mala»

287 1051 321 1110 V.
357 1052 393 1109 15
415 1052 483 1111 -18,
513 1053 657 1124 tacerem,
694 1054 890 1127 contemptus
925 1070 1024 1110 essem
1059 1051 1188 1127 puellis;
1222 1049 1260 1109 cf.
1296 1049 1367 1108 adn.

233 1176 326 1233 supra
348 1157 386 1215 ad
407 1159 447 1216 H.
472 1158 499 1227 3,
522 1159 579 1217 30:
605 1159 749 1217 «iacent»
775 1158 985 1217 --Hostibus
1007 1159 1128 1216 eveniat
1159 1158 1228 1215 vita
1258 1174 1369 1215 seuera

233 1267 319 1331 artois,
341 1268 433 1341 poeta
455 1269 526 1325 ante
541 1267 646 1325 oculos
658 1265 767 1324 habuit
777 1268 868 1342 Prop.
879 1266 938 1325 III.
952 1267 979 1337 8,
993 1266 1044 1325 20:
1061 1263 1228 1325 «Hostibus
1240 1265 1368 1323 eveniat

233 1371 317 1428 lenta
347 1371 450 1445 puella
470 1373 586 1441 meiso3
609 1373 646 1430 cl.
670 1372 724 1434 Ov.
747 1372 819 1432 Her.
846 1374 891 1442 16,
913 1372 992 1432 219:
1018 1369 1182 1430 «Hostibus
1213 1344 1368 1429 'eveniant

232 1479 375 1536 convivia
395 1478 470 1536 talia
491 1480 632 1539 nostris.»
657 1515 661 1520 -
690 1497 830 1552 -severu,
863 1479 900 1538 cf.
932 1478 1003 1539 adn.
1036 1497 1128 1553 supra
1149 1476 1188 1535 ad
1209 1477 1250 1536 H
1279 1477 1306 1547 1,
1330 1476 1366 1535 3:

237 1586 378 1644 «severia
397 1620 436 1626 -
450 1587 546 1645 viduo
562 1587 701 1644 dormire
715 1586 814 1644 couti
828 1586 868 1644 Et
882 1587 985 1646 aredio
1001 1588 1073 1645 luae
1084 1600 1205 1659 ponere
1220 1584 1368 1642 membru

155 1675 165 1697 ⁰
233 1701 308 1761 toro,
325 1691 361 1750 cl.
377 1691 466 1767 Prop.
489 1692 529 1751 H.
556 1692 600 1762 ll,
623 1692 719 1751 3-42
747 1691 905 1766 «quotiens
928 1691 1066 1750 desertus
1088 1709 1210 1749 amaras
1231 1691 1366 1766 Explevi

233 1800 339 1855 noctes
361 1797 476 1855 fractus
498 1801 628 1873 utroque
651 1800 744 1857 toro.»

286 1904 321 1962 V.
346 1905 413 1964 ll---
427 1906 474 1964 ²23.
496 1907 667 1980 disperdat,
690 1906 817 1981 perdat;
841 1904 1066 1979 significantius
1088 1904 1215 1972 dictum,
1230 1906 1267 1961 ut
1284 1921 1366 1978 saepe

233 2013 372 2086 dispereo
395 2012 529 2069 occurrit
550 2031 605 2086 pro
623 2030 728 2087 petuo.
810 2014 966 2072 siminus
987 2031 1065 2083 rona,
1087 2013 1168 2080 duur,
1200 2010 1236 2070 cf.
1270 2010 1367 2094 Prop.

232 2119 272 2176 Π.
295 2118 343 2187 tt,
366 2119 413 2177 31:
440 2116 546 2176 «nobis
567 2138 630 2176 una
651 2120 754 2195 puella
774 2139 883 2195 parum
905 2121 976 2177 est.»
996 2119 1368 2192 ornatissimorum

231 2224 299 2282 sino
322 2226 440 2284 stritus
461 2234 560 2298 antris,
583 2247 620 2286 ex
641 2228 732 2303 Prop.
754 2229 793 2286 H.
817 2227 864 2296 ll,
887 2227 1024 2286 31--33ε
1046 2224 1122 2284 «Sed
1135 2223 1193 2283 tibi
1215 2224 1242 2282 si
1265 2225 1365 2282 exiles

231 2330 339 2389 videor
368 2334 512 2391 tenuatus
542 2336 576 2392 in
608 2338 701 2403 artus,
731 2334 878 2394 Falleris:
898 2332 994 2391 -haud
1023 2349 1171 2408 umquam
1202 2331 1249 2388 est
1282 2330 1368 2389 culta

231 2438 336 2498 labore
358 2441 478 2499 Venus»
505 2444 535 2498 et
557 2460 594 2499 ex
615 2441 680 2502 Tib.
703 2441 743 2499 H.
766 2441 793 2510 3,
817 2443 844 2499 9.
868 2441 972 2516 (poeta
993 2438 1031 2497 de
1053 2438 1117 2514 sel:
1144 2438 1222 2496 «Nec
1253 2455 1366 2514 quere·

231 2564 290 2615 rer,
313 2546 394 2620 quod
415 2550 462 2605 sol
483 2547 611 2622 graciles
634 2550 774 2606 exureret
795 2550 905 2606 artus.»
932 2546 975 2606 (lf.
999 2547 1094 2603 etiam
1110 2544 1181 2602 adn.
1205 2551 1303 2618 su'pra
1326 2543 1366 2602 ad

230 2653 254 2711 I.
279 2654 306 2721 6,
329 2654 365 2712 5:
392 2673 495 2713 «amor
517 2656 593 2713 tales
616 2674 727 2730 corpus
748 2654 888 2712 tenuavit
909 2653 942 2710 in
963 2672 1061 2711 usus.»

286 2760 322 2819 l'.
345 2761 473 2820 35--18,
496 2763 535 2820 Et
558 2762 650 2821 tutori
670 2763 758 2821 dubit
780 2764 814 2819 to
844 2765 924 2819 olins
954 2763 1108 2819 alimento
1136 2759 1295 2835 voluptas,
1329 2775 1368 2814 ex

232 2867 323 2942 Prop.
344 2869 400 2928 HI.
423 2868 470 2939 tl,
493 2869 530 2929 l:
558 2870 642 2945 «Ipse
664 2870 813 2927 alimenta
834 2868 893 2926 sibi
914 2867 1051 2924 maxima
1071 2862 1188 2941 praebet
1210 2883 1319 2923 amor»
1335 2867 1367 2922 et

231 2975 269 3032 H.
294 2975 342 3045 ll,
363 2975 421 3034 28:
448 2976 571 3034 «Nullus
594 2996 681 3034 amor
701 2977 782 3034 vires
804 2976 897 3051 eripit
918 2977 984 3050 ipse
1007 2993 1102 3032 suasa
1122 3007 1163 3013 —
1181 2973 1286 3045 lateri,
1302 2974 1321 3031 i.
1338 2991 1364 3030 e.

231 3079 355 3151 lumbo;
378 3081 415 3139 cf.
439 3081 507 3141 adn.
532 3083 570 3140 ad
590 3084 615 3140 I.
639 3084 666 3152 8,
681 3083 729 3142 48.
744 3118 784 3123 --
799 3083 935 3156 Decepta
957 3088 1000 3140 cst
1021 3099 1117 3157 opero
1137 3079 1231 3139 nulla
1248 3079 1367 3154 proella

232 3208 312 3260 ntea,
338 3207 374 3247 ex
404 3188 496 3264 Prop.
525 3190 564 3246 H.
598 3190 645 3258 ll,
677 3190 739 3248 23-
758 3190 814 3248 ll:
851 3188 1048 3247 «Percontere
1078 3187 1167 3246 licet:
1200 3204 1283 3260 saepe
1317 3187 1366 3244 est

231 3297 358 3369 experta
378 3294 480 3370 puella
502 3295 646 3354 Officium
667 3298 734 3354 tota
755 3299 844 3355 nocte
865 3296 966 3355 valere
987 3312 1118 3353 meum.»
1143 3328 1184 3334 —-
1205 3311 1322 3369 opera.
1336 3338 1364 3351 ..

233 3420 313 3473 ritca,
336 3421 428 3460 sensu
449 3401 591 3474 obsceno,
614 3407 648 3461 ut
667 3403 752 3462 infra
772 3423 814 3462 vs.
838 3405 886 3462 36.
910 3422 995 3478 opus.
1072 3399 1162 3475 Saepe
1177 3418 1232 3475 690
1248 3400 1365 3459 lascive

232 3512 414 3584 consumpsi
434 3519 575 3586 ternpore
596 3512 717 3570 tacetis:
743 3510 833 3570 Utilis
856 3519 883 3568 ct
913 3513 989 3587 forti
1020 3526 1146 3584 corpore
1175 3527 1273 3566 mune
1301 3509 1363 3584 sui,

232 3617 325 3690 poeta
345 3616 481 3691 respexit
494 3617 591 3692 'Prop.
613 3618 652 3676 H.
675 3617 723 3686 lt,
746 3618 784 3675 25
826 3617 883 3676 tl:
910 3615 1066 3692 «luppiter
1086 3615 1243 3673 Alcmenae
1264 3615 1364 3688 gemi-

233 3740 289 3778 nas
310 3721 504 3797 requieverat
525 3727 625 3782 arctos
646 3723 687 3781 Et
708 3726 815 3783 oaelum
838 3726 933 3783 noctu
953 3722 1000 3781 bis
1022 3704 1091 3780 sine
1110 3718 1277 3795 rege-fuit:
1298 3721 1364 3780 Nec

230 3832 337 3887 tamen
358 3829 474 3889 idcirco
495 3831 646 3905 languens
669 3831 709 3889 ad
730 3831 862 3890 fulmina
881 3832 994 3890 venit.»

286 3935 321 3993 V.
354 3935 481 3995 19-31.
509 3938 635 3997 Veneris
666 3939 841 3997 cortamina
878 3945 1001 4010 1111111111,
1035 3932 1127 3994 sensu
1151 3935 1294 4006 obscene,
1327 3940 1364 3995 ut

121 4046 123 4050 ’
232 4044 324 4120 Prop.
345 4045 401 4102 HI.
424 4045 450 4114 8,
474 4046 522 4104 33.
545 4046 596 4122 (de
618 4045 760 4122 Paridel:
787 4046 857 4103 «Ille
879 4045 1007 4103 Helenae
1029 4043 1063 4101 in
1083 4042 1202 4118 gremio
1224 4044 1366 4101 maxima

232 4150 313 4209 bella
333 4152 438 4224 gerit.»
525 4153 566 4211 lli
585 4153 718 4227 fuciunt,
741 4155 775 4211 ut
795 4154 885 4228 Prop.
907 4153 962 4212 HI.
988 4154 1032 4219 16,
1065 4151 1121 4210 35;
1149 4150 1204 4208 «Di
1235 4151 1364 4221 faciant,
