<?xml version="1.0" encoding="UTF-8"?>
<!DOCTYPE html PUBLIC "-//W3C//DTD XHTML 1.0 Transitional//EN"
    "http://www.w3.org/TR/xhtml1/DTD/xhtml1-transitional.dtd">
<html xmlns="http://www.w3.org/1999/xhtml" xml:lang="en" lang="en">
 <head>
  <title>
</title>
<meta http-equiv="Content-Type" content="text/html;charset=utf-8" />
  <meta name='ocr-system' content='tesseract 3.04.00' />
  <meta name='ocr-capabilities' content='ocr_page ocr_carea ocr_par ocr_line ocrx_word'/>
</head>
<body>
  <div class='ocr_page' id='page_1' title='image "./povidiinasonisa01ovidgoog_0270.png"; bbox 0 0 2896 4754; ppageno 0'>
   <div class='ocr_carea' id='block_1_1' title="bbox 593 293 1434 372">
    <p class='ocr_par' dir='ltr' id='par_1_1' title="bbox 593 293 1434 372">
     <span class='ocr_line' id='line_1_1' title="bbox 593 293 1434 372; baseline 0.004 -18"><span class='ocrx_word' id='word_1_1' title='bbox 593 311 635 354; x_wconf 79' lang='lat' dir='ltr'>u&gt;</span> <span class='ocrx_word' id='word_1_2' title='bbox 651 313 700 355; x_wconf 89' lang='lat'>111.</span> <span class='ocrx_word' id='word_1_3' title='bbox 719 308 781 372; x_wconf 81' lang='lat' dir='ltr'>ub,</span> <span class='ocrx_word' id='word_1_4' title='bbox 799 310 905 357; x_wconf 79' lang='lat' dir='ltr'>se-ee.</span> <span class='ocrx_word' id='word_1_5' title='bbox 1261 293 1314 346; x_wconf 57' lang='lat'>263</span> <span class='ocrx_word' id='word_1_6' title='bbox 1432 358 1434 363; x_wconf 82' lang='grc'>,</span> 
     </span>
    </p>
   </div>
   <div class='ocr_carea' id='block_1_2' title="bbox 180 486 1368 4197">
    <p class='ocr_par' dir='ltr' id='par_1_2' title="bbox 185 486 1314 991">
     <span class='ocr_line' id='line_1_2' title="bbox 240 486 1314 563; baseline 0.004 -18"><span class='ocrx_word' id='word_1_7' title='bbox 240 486 276 545; x_wconf 89' lang='lat' dir='ltr'>V.</span> <span class='ocrx_word' id='word_1_8' title='bbox 299 486 346 545; x_wconf 88' lang='grc'>36.</span> <span class='ocrx_word' id='word_1_9' title='bbox 372 487 435 544; x_wconf 81' lang='lat' dir='ltr'>Nee</span> <span class='ocrx_word' id='word_1_10' title='bbox 456 487 535 562; x_wconf 82' lang='lat' dir='ltr'>e&#39;uqo</span> <span class='ocrx_word' id='word_1_11' title='bbox 556 494 667 546; x_wconf 73' lang='lat' dir='ltr'>toruus</span> <span class='ocrx_word' id='word_1_12' title='bbox 688 495 784 558; x_wconf 77' lang='lat' dir='ltr'>umet,</span> <span class='ocrx_word' id='word_1_13' title='bbox 807 506 879 563; x_wconf 84' lang='lat' dir='ltr'>quoe</span> <span class='ocrx_word' id='word_1_14' title='bbox 901 494 1007 547; x_wconf 65' lang='lat' dir='ltr'>romeu</span> <span class='ocrx_word' id='word_1_15' title='bbox 1038 490 1112 562; x_wconf 81' lang='lat' dir='ltr'>odil,</span> <span class='ocrx_word' id='word_1_16' title='bbox 1144 491 1244 553; x_wconf 76' lang='lat' dir='ltr'>habet.</span> <span class='ocrx_word' id='word_1_17' title='bbox 1276 510 1314 549; x_wconf 83' lang='lat' dir='ltr'>ex</span> 
     </span>
     <span class='ocr_line' id='line_1_3' title="bbox 185 593 1312 670; baseline 0.004 -19"><span class='ocrx_word' id='word_1_18' title='bbox 185 593 276 668; x_wconf 90' lang='lat' dir='ltr'>Prop.</span> <span class='ocrx_word' id='word_1_19' title='bbox 299 594 339 653; x_wconf 89' lang='lat' dir='ltr'>H.</span> <span class='ocrx_word' id='word_1_20' title='bbox 362 594 389 662; x_wconf 92' lang='lat'>3,</span> <span class='ocrx_word' id='word_1_21' title='bbox 412 594 449 651; x_wconf 72' lang='lat'>47</span> <span class='ocrx_word' id='word_1_22' title='bbox 487 595 551 653; x_wconf 76' lang='lat'>-502</span> <span class='ocrx_word' id='word_1_23' title='bbox 578 594 637 652; x_wconf 76' lang='lat' dir='ltr'>«Ae</span> <span class='ocrx_word' id='word_1_24' title='bbox 657 596 753 652; x_wconf 70' lang='lat' dir='ltr'>veluti</span> <span class='ocrx_word' id='word_1_25' title='bbox 773 597 875 670; x_wconf 89' lang='lat' dir='ltr'>primo</span> <span class='ocrx_word' id='word_1_26' title='bbox 897 597 1003 653; x_wconf 76' lang='lat' dir='ltr'>laurus</span> <span class='ocrx_word' id='word_1_27' title='bbox 1026 595 1174 656; x_wconf 73' lang='lat' dir='ltr'>deireeiul</span> <span class='ocrx_word' id='word_1_28' title='bbox 1202 601 1312 668; x_wconf 77' lang='lat' dir='ltr'>eretis,</span> 
     </span>
     <span class='ocr_line' id='line_1_4' title="bbox 185 701 1313 778; baseline 0.003 -19"><span class='ocrx_word' id='word_1_29' title='bbox 185 701 261 759; x_wconf 74' lang='lat' dir='ltr'>Posi</span> <span class='ocrx_word' id='word_1_30' title='bbox 281 703 367 759; x_wconf 80' lang='lat' dir='ltr'>venii</span> <span class='ocrx_word' id='word_1_31' title='bbox 388 703 510 759; x_wconf 77' lang='lat' dir='ltr'>assueto</span> <span class='ocrx_word' id='word_1_32' title='bbox 535 703 637 760; x_wconf 87' lang='lat' dir='ltr'>mollis</span> <span class='ocrx_word' id='word_1_33' title='bbox 669 701 706 759; x_wconf 84' lang='lat' dir='ltr'>sd</span> <span class='ocrx_word' id='word_1_34' title='bbox 738 721 824 760; x_wconf 79' lang='lat' dir='ltr'>orme</span> <span class='ocrx_word' id='word_1_35' title='bbox 853 704 942 777; x_wconf 85' lang='lat' dir='ltr'>iugo:</span> <span class='ocrx_word' id='word_1_36' title='bbox 975 701 1025 762; x_wconf 84' lang='lat' dir='ltr'>Sie</span> <span class='ocrx_word' id='word_1_37' title='bbox 1054 706 1156 778; x_wconf 92' lang='lat' dir='ltr'>primo</span> <span class='ocrx_word' id='word_1_38' title='bbox 1186 707 1313 763; x_wconf 89' lang='lat' dir='ltr'>iuvenes</span> 
     </span>
     <span class='ocr_line' id='line_1_5' title="bbox 186 793 1314 886; baseline 0.004 -21"><span class='ocrx_word' id='word_1_39' title='bbox 186 809 345 884; x_wconf 70' lang='lat' dir='ltr'>trepident</span> <span class='ocrx_word' id='word_1_40' title='bbox 365 809 399 864; x_wconf 89' lang='lat' dir='ltr'>in</span> <span class='ocrx_word' id='word_1_41' title='bbox 420 793 525 866; x_wconf 74' lang='lat' dir='ltr'>umore</span> <span class='ocrx_word' id='word_1_42' title='bbox 546 808 672 878; x_wconf 81' lang='lat' dir='ltr'>feroces,</span> <span class='ocrx_word' id='word_1_43' title='bbox 694 809 817 866; x_wconf 87' lang='lat' dir='ltr'>Dehine</span> <span class='ocrx_word' id='word_1_44' title='bbox 840 809 947 868; x_wconf 77' lang='lat' dir='ltr'>domui</span> <span class='ocrx_word' id='word_1_45' title='bbox 979 813 1049 884; x_wconf 81' lang='lat' dir='ltr'>post</span> <span class='ocrx_word' id='word_1_46' title='bbox 1079 812 1144 869; x_wconf 84' lang='lat' dir='ltr'>haee</span> <span class='ocrx_word' id='word_1_47' title='bbox 1175 830 1263 886; x_wconf 74' lang='lat' dir='ltr'>esque</span> <span class='ocrx_word' id='word_1_48' title='bbox 1284 816 1314 870; x_wconf 78' lang='lat' dir='ltr'>et</span> 
     </span>
     <span class='ocr_line' id='line_1_6' title="bbox 186 915 444 991; baseline 0.004 -19"><span class='ocrx_word' id='word_1_49' title='bbox 186 917 295 991; x_wconf 83' lang='lat' dir='ltr'>inique</span> <span class='ocrx_word' id='word_1_50' title='bbox 315 915 444 974; x_wconf 81' lang='lat' dir='ltr'>feruni.»</span> 
     </span>
    </p>

    <p class='ocr_par' dir='ltr' id='par_1_3' title="bbox 191 1022 1327 1203">
     <span class='ocr_line' id='line_1_7' title="bbox 226 1022 1311 1094; baseline 0.003 -13"><span class='ocrx_word' id='word_1_51' title='bbox 226 1022 275 1082; x_wconf 64' lang='lat' dir='ltr'>›V.</span> <span class='ocrx_word' id='word_1_52' title='bbox 298 1023 347 1082; x_wconf 72' lang='lat'>40.</span> <span class='ocrx_word' id='word_1_53' title='bbox 369 1023 409 1081; x_wconf 76' lang='lat' dir='ltr'>Et</span> <span class='ocrx_word' id='word_1_54' title='bbox 429 1024 535 1083; x_wconf 82' lang='lat' dir='ltr'>videor</span> <span class='ocrx_word' id='word_1_55' title='bbox 554 1025 617 1082; x_wconf 75' lang='lat' dir='ltr'>uoti</span> <span class='ocrx_word' id='word_1_56' title='bbox 637 1024 761 1081; x_wconf 79' lang='lat' dir='ltr'>nescius</span> <span class='ocrx_word' id='word_1_57' title='bbox 782 1041 845 1082; x_wconf 83' lang='lat' dir='ltr'>esse</span> <span class='ocrx_word' id='word_1_58' title='bbox 865 1024 937 1094; x_wconf 78' lang='lat' dir='ltr'>mei,</span> <span class='ocrx_word' id='word_1_59' title='bbox 962 1026 997 1081; x_wconf 78' lang='lat' dir='ltr'>ui</span> <span class='ocrx_word' id='word_1_60' title='bbox 1019 1023 1072 1083; x_wconf 92' lang='lat' dir='ltr'>Ov.</span> <span class='ocrx_word' id='word_1_61' title='bbox 1094 1024 1130 1083; x_wconf 89' lang='lat' dir='ltr'>A.</span> <span class='ocrx_word' id='word_1_62' title='bbox 1152 1024 1187 1084; x_wconf 84' lang='lat' dir='ltr'>A.</span> <span class='ocrx_word' id='word_1_63' title='bbox 1211 1025 1234 1084; x_wconf 90' lang='lat' dir='ltr'>I.</span> <span class='ocrx_word' id='word_1_64' title='bbox 1258 1028 1311 1085; x_wconf 74' lang='lat' dir='ltr'>el:</span> 
     </span>
     <span class='ocr_line' id='line_1_8' title="bbox 191 1102 1327 1203; baseline -0.005 -15"><span class='ocrx_word' id='word_1_65' title='bbox 191 1115 343 1203; x_wconf 75' lang='lat' dir='ltr'>«Cogeris</span> <span class='ocrx_word' id='word_1_66' title='bbox 353 1133 384 1189; x_wconf 77' lang='lat' dir='ltr'>ei</span> <span class='ocrx_word' id='word_1_67' title='bbox 403 1134 468 1189; x_wconf 71' lang='lat' dir='ltr'>voti</span> <span class='ocrx_word' id='word_1_68' title='bbox 488 1132 612 1189; x_wconf 79' lang='lat' dir='ltr'>nescius</span> <span class='ocrx_word' id='word_1_69' title='bbox 634 1148 700 1188; x_wconf 89' lang='lat' dir='ltr'>esse</span> <span class='ocrx_word' id='word_1_70' title='bbox 721 1131 793 1188; x_wconf 73' lang='lat' dir='ltr'>eur.»</span> <span class='ocrx_word' id='word_1_71' title='bbox 848 1157 851 1163; x_wconf 93' lang='lat'><strong>·</strong></span> <span class='ocrx_word' id='word_1_72' title='bbox 1320 1102 1327 1119; x_wconf 46' lang='lat'><strong>⁶</strong></span> 
     </span>
    </p>

    <p class='ocr_par' dir='ltr' id='par_1_4' title="bbox 186 1237 1311 1528">
     <span class='ocr_line' id='line_1_9' title="bbox 240 1237 1311 1314; baseline 0.003 -19"><span class='ocrx_word' id='word_1_73' title='bbox 240 1237 275 1296; x_wconf 90' lang='lat' dir='ltr'>V.</span> <span class='ocrx_word' id='word_1_74' title='bbox 297 1238 346 1296; x_wconf 71' lang='lat'>41.</span> <span class='ocrx_word' id='word_1_75' title='bbox 368 1239 432 1296; x_wconf 78' lang='lat' dir='ltr'>Aut</span> <span class='ocrx_word' id='word_1_76' title='bbox 452 1240 589 1314; x_wconf 72' lang='lat' dir='ltr'>formose</span> <span class='ocrx_word' id='word_1_77' title='bbox 608 1241 691 1314; x_wconf 75' lang='lat' dir='ltr'>fores</span> <span class='ocrx_word' id='word_1_78' title='bbox 712 1239 829 1309; x_wconf 81' lang='lat' dir='ltr'>miuus,</span> <span class='ocrx_word' id='word_1_79' title='bbox 852 1247 909 1296; x_wconf 77' lang='lat' dir='ltr'>eret</span> <span class='ocrx_word' id='word_1_80' title='bbox 930 1239 1037 1296; x_wconf 80' lang='lat' dir='ltr'>miuus</span> <span class='ocrx_word' id='word_1_81' title='bbox 1069 1239 1222 1314; x_wconf 66' lang='lat' dir='ltr'>Improbe,</span> <span class='ocrx_word' id='word_1_82' title='bbox 1253 1241 1311 1298; x_wconf 87' lang='lat' dir='ltr'>vel·</span> 
     </span>
     <span class='ocr_line' id='line_1_10' title="bbox 187 1344 1311 1422; baseline 0.001 -19"><span class='ocrx_word' id='word_1_83' title='bbox 187 1347 255 1416; x_wconf 80' lang='lat' dir='ltr'>leur,</span> <span class='ocrx_word' id='word_1_84' title='bbox 277 1347 380 1404; x_wconf 83' lang='lat' dir='ltr'>locum</span> <span class='ocrx_word' id='word_1_85' title='bbox 400 1346 543 1403; x_wconf 73' lang='lat' dir='ltr'><strong>imitatur</strong></span> <span class='ocrx_word' id='word_1_86' title='bbox 564 1344 698 1403; x_wconf 80' lang='lat' dir='ltr'>Martiel.</span> <span class='ocrx_word' id='word_1_87' title='bbox 721 1344 808 1404; x_wconf 85' lang='lat' dir='ltr'>VIII.</span> <span class='ocrx_word' id='word_1_88' title='bbox 832 1345 878 1414; x_wconf 88' lang='lat'>53,</span> <span class='ocrx_word' id='word_1_89' title='bbox 902 1344 1000 1404; x_wconf 72' lang='lat'><strong>3--42</strong></span> <span class='ocrx_word' id='word_1_90' title='bbox 1020 1345 1060 1404; x_wconf 86' lang='lat'>«0</span> <span class='ocrx_word' id='word_1_91' title='bbox 1084 1365 1176 1422; x_wconf 84' lang='lat' dir='ltr'>quem</span> <span class='ocrx_word' id='word_1_92' title='bbox 1191 1349 1221 1404; x_wconf 80' lang='lat' dir='ltr'>le</span> <span class='ocrx_word' id='word_1_93' title='bbox 1236 1346 1311 1416; x_wconf 89' lang='lat' dir='ltr'>fieri,</span> 
     </span>
     <span class='ocr_line' id='line_1_11' title="bbox 186 1451 1174 1528; baseline 0 -18"><span class='ocrx_word' id='word_1_94' title='bbox 186 1451 315 1522; x_wconf 70' lang='lat' dir='ltr'>Catulle,</span> <span class='ocrx_word' id='word_1_95' title='bbox 337 1453 448 1510; x_wconf 87' lang='lat' dir='ltr'>vellem</span> <span class='ocrx_word' id='word_1_96' title='bbox 469 1451 652 1511; x_wconf 82' lang='lat' dir='ltr'>Formosam</span> <span class='ocrx_word' id='word_1_97' title='bbox 674 1453 778 1510; x_wconf 88' lang='lat' dir='ltr'>minus</span> <span class='ocrx_word' id='word_1_98' title='bbox 802 1456 855 1510; x_wconf 75' lang='lat' dir='ltr'>uui</span> <span class='ocrx_word' id='word_1_99' title='bbox 875 1454 974 1526; x_wconf 80' lang='lat' dir='ltr'>magis</span> <span class='ocrx_word' id='word_1_100' title='bbox 995 1453 1174 1528; x_wconf 77' lang='lat' dir='ltr'>pudiesmu</span> 
     </span>
    </p>

    <p class='ocr_par' dir='ltr' id='par_1_5' title="bbox 184 1559 1311 1847">
     <span class='ocr_line' id='line_1_12' title="bbox 239 1559 1311 1634; baseline -0.003 -15"><span class='ocrx_word' id='word_1_101' title='bbox 239 1560 274 1619; x_wconf 90' lang='lat' dir='ltr'>V.</span> <span class='ocrx_word' id='word_1_102' title='bbox 297 1559 345 1618; x_wconf 70' lang='lat' dir='ltr'>le.</span> <span class='ocrx_word' id='word_1_103' title='bbox 370 1559 443 1616; x_wconf 83' lang='lat' dir='ltr'>Nou</span> <span class='ocrx_word' id='word_1_104' title='bbox 464 1559 542 1634; x_wconf 69' lang='lat' dir='ltr'>feeit</span> <span class='ocrx_word' id='word_1_105' title='bbox 562 1561 605 1618; x_wconf 85' lang='lat' dir='ltr'>ud</span> <span class='ocrx_word' id='word_1_106' title='bbox 626 1576 726 1616; x_wconf 78' lang='lat' dir='ltr'>meres</span> <span class='ocrx_word' id='word_1_107' title='bbox 741 1563 807 1615; x_wconf 75' lang='lat' dir='ltr'>taur</span> <span class='ocrx_word' id='word_1_108' title='bbox 823 1559 905 1616; x_wconf 84' lang='lat' dir='ltr'>boue</span> <span class='ocrx_word' id='word_1_109' title='bbox 919 1560 1024 1633; x_wconf 77' lang='lat' dir='ltr'>forme</span> <span class='ocrx_word' id='word_1_110' title='bbox 1037 1560 1146 1630; x_wconf 79' lang='lat' dir='ltr'>mulos,</span> <span class='ocrx_word' id='word_1_111' title='bbox 1162 1579 1225 1617; x_wconf 90' lang='lat' dir='ltr'>non</span> <span class='ocrx_word' id='word_1_112' title='bbox 1241 1579 1311 1618; x_wconf 88' lang='lat' dir='ltr'>eon-</span> 
     </span>
     <span class='ocr_line' id='line_1_13' title="bbox 184 1664 1310 1740; baseline 0.001 -16"><span class='ocrx_word' id='word_1_113' title='bbox 184 1668 271 1724; x_wconf 77' lang='lat' dir='ltr'>venii</span> <span class='ocrx_word' id='word_1_114' title='bbox 291 1667 362 1723; x_wconf 82' lang='lat' dir='ltr'>ielis</span> <span class='ocrx_word' id='word_1_115' title='bbox 384 1665 583 1740; x_wconf 75' lang='lat' dir='ltr'>pulchritudo</span> <span class='ocrx_word' id='word_1_116' title='bbox 606 1665 695 1727; x_wconf 81' lang='lat' dir='ltr'>melis</span> <span class='ocrx_word' id='word_1_117' title='bbox 718 1664 875 1735; x_wconf 81' lang='lat' dir='ltr'>moribus3</span> <span class='ocrx_word' id='word_1_118' title='bbox 907 1665 944 1724; x_wconf 81' lang='lat' dir='ltr'>es.</span> <span class='ocrx_word' id='word_1_119' title='bbox 968 1667 1038 1724; x_wconf 77' lang='lat' dir='ltr'>adn.</span> <span class='ocrx_word' id='word_1_120' title='bbox 1062 1685 1154 1740; x_wconf 79' lang='lat' dir='ltr'>supra</span> <span class='ocrx_word' id='word_1_121' title='bbox 1175 1666 1214 1724; x_wconf 85' lang='lat' dir='ltr'>ed</span> <span class='ocrx_word' id='word_1_122' title='bbox 1235 1668 1259 1725; x_wconf 93' lang='lat' dir='ltr'>I.</span> <span class='ocrx_word' id='word_1_123' title='bbox 1283 1668 1310 1736; x_wconf 69' lang='lat'>2,</span> 
     </span>
     <span class='ocr_line' id='line_1_14' title="bbox 187 1773 1268 1847; baseline -0.003 -17"><span class='ocrx_word' id='word_1_124' title='bbox 187 1773 243 1832; x_wconf 75' lang='lat'>16:</span> <span class='ocrx_word' id='word_1_125' title='bbox 269 1773 323 1831; x_wconf 78' lang='lat' dir='ltr'>«ed</span> <span class='ocrx_word' id='word_1_126' title='bbox 346 1792 431 1831; x_wconf 78' lang='lat' dir='ltr'>erma</span> <span class='ocrx_word' id='word_1_127' title='bbox 452 1773 550 1831; x_wconf 69' lang='lat' dir='ltr'>feeit.»</span> <span class='ocrx_word' id='word_1_128' title='bbox 1263 1836 1268 1847; x_wconf 37' lang='grc' dir='ltr'><strong><em>Ι</em></strong></span> 
     </span>
    </p>

    <p class='ocr_par' dir='ltr' id='par_1_6' title="bbox 183 1879 1311 3024">
     <span class='ocr_line' id='line_1_15' title="bbox 240 1879 1310 1954; baseline 0.001 -15"><span class='ocrx_word' id='word_1_129' title='bbox 240 1881 276 1940; x_wconf 89' lang='lat' dir='ltr'>V.</span> <span class='ocrx_word' id='word_1_130' title='bbox 298 1881 428 1938; x_wconf 74' lang='lat' dir='ltr'>45---eu</span> <span class='ocrx_word' id='word_1_131' title='bbox 451 1881 558 1951; x_wconf 79' lang='lat' dir='ltr'>Peroe,</span> <span class='ocrx_word' id='word_1_132' title='bbox 578 1898 637 1954; x_wconf 78' lang='lat' dir='ltr'>per</span> <span class='ocrx_word' id='word_1_133' title='bbox 657 1899 673 1936; x_wconf 93' lang='lat' dir='ltr'>o</span> <span class='ocrx_word' id='word_1_134' title='bbox 697 1881 768 1937; x_wconf 77' lang='lat' dir='ltr'>lecti</span> <span class='ocrx_word' id='word_1_135' title='bbox 788 1881 919 1939; x_wconf 80' lang='lat' dir='ltr'>socialia</span> <span class='ocrx_word' id='word_1_136' title='bbox 949 1881 1032 1951; x_wconf 78' lang='lat' dir='ltr'>iura,</span> <span class='ocrx_word' id='word_1_137' title='bbox 1065 1898 1102 1937; x_wconf 84' lang='lat' dir='ltr'>ex</span> <span class='ocrx_word' id='word_1_138' title='bbox 1129 1879 1194 1939; x_wconf 80' lang='lat' dir='ltr'>Tib.</span> <span class='ocrx_word' id='word_1_139' title='bbox 1227 1881 1251 1940; x_wconf 91' lang='lat' dir='ltr'>I.</span> <span class='ocrx_word' id='word_1_140' title='bbox 1282 1883 1310 1950; x_wconf 82' lang='lat'>5,</span> 
     </span>
     <span class='ocr_line' id='line_1_16' title="bbox 186 1984 1311 2060; baseline 0.001 -15"><span class='ocrx_word' id='word_1_141' title='bbox 186 1988 218 2045; x_wconf 83' lang='lat'>7-</span> <span class='ocrx_word' id='word_1_142' title='bbox 236 1989 281 2046; x_wconf 25' lang='lat'>*82</span> <span class='ocrx_word' id='word_1_143' title='bbox 309 1988 419 2045; x_wconf 78' lang='lat' dir='ltr'>«Peroe</span> <span class='ocrx_word' id='word_1_144' title='bbox 440 1989 555 2055; x_wconf 79' lang='lat' dir='ltr'>tumen,</span> <span class='ocrx_word' id='word_1_145' title='bbox 578 2004 633 2060; x_wconf 92' lang='lat' dir='ltr'>per</span> <span class='ocrx_word' id='word_1_146' title='bbox 655 1987 686 2042; x_wconf 76' lang='lat' dir='ltr'>te</span> <span class='ocrx_word' id='word_1_147' title='bbox 707 1984 813 2044; x_wconf 78' lang='lat' dir='ltr'>furtivi</span> <span class='ocrx_word' id='word_1_148' title='bbox 834 1985 951 2043; x_wconf 81' lang='lat' dir='ltr'>foedera</span> <span class='ocrx_word' id='word_1_149' title='bbox 971 1987 1043 2044; x_wconf 78' lang='lat' dir='ltr'>leoli</span> <span class='ocrx_word' id='word_1_150' title='bbox 1071 1986 1129 2044; x_wconf 90' lang='lat' dir='ltr'>Per</span> <span class='ocrx_word' id='word_1_151' title='bbox 1157 1987 1311 2046; x_wconf 81' lang='lat' dir='ltr'>Venerem</span> 
     </span>
     <span class='ocr_line' id='line_1_17' title="bbox 185 2093 1310 2170; baseline 0 -18"><span class='ocrx_word' id='word_1_152' title='bbox 185 2112 288 2170; x_wconf 85' lang='lat' dir='ltr'>quaeso</span> <span class='ocrx_word' id='word_1_153' title='bbox 310 2094 576 2168; x_wconf 69' lang='lat' dir='ltr'>compositumque</span> <span class='ocrx_word' id='word_1_154' title='bbox 599 2094 716 2166; x_wconf 80' lang='lat' dir='ltr'>eaput.»</span> <span class='ocrx_word' id='word_1_155' title='bbox 803 2111 860 2166; x_wconf 78' lang='lat' dir='ltr'>per</span> <span class='ocrx_word' id='word_1_156' title='bbox 880 2111 897 2150; x_wconf 92' lang='lat' dir='ltr'>o</span> <span class='ocrx_word' id='word_1_157' title='bbox 920 2093 990 2151; x_wconf 80' lang='lat' dir='ltr'>leeu&#39;</span> <span class='ocrx_word' id='word_1_158' title='bbox 1012 2094 1143 2151; x_wconf 79' lang='lat' dir='ltr'>socialia</span> <span class='ocrx_word' id='word_1_159' title='bbox 1167 2095 1251 2166; x_wconf 80' lang='lat' dir='ltr'>iure,</span> <span class='ocrx_word' id='word_1_160' title='bbox 1274 2095 1310 2152; x_wconf 89' lang='lat' dir='ltr'>de</span> 
     </span>
     <span class='ocr_line' id='line_1_18' title="bbox 183 2199 1310 2276; baseline 0.002 -18"><span class='ocrx_word' id='word_1_161' title='bbox 183 2201 347 2261; x_wconf 87' lang='lat' dir='ltr'>verborum</span> <span class='ocrx_word' id='word_1_162' title='bbox 368 2200 476 2260; x_wconf 89' lang='lat' dir='ltr'>ordine</span> <span class='ocrx_word' id='word_1_163' title='bbox 499 2200 536 2259; x_wconf 91' lang='lat' dir='ltr'>ef.</span> <span class='ocrx_word' id='word_1_164' title='bbox 559 2199 630 2259; x_wconf 81' lang='lat' dir='ltr'>adn.</span> <span class='ocrx_word' id='word_1_165' title='bbox 653 2219 746 2274; x_wconf 85' lang='lat' dir='ltr'>supro</span> <span class='ocrx_word' id='word_1_166' title='bbox 768 2200 806 2257; x_wconf 83' lang='lat' dir='ltr'>ed</span> <span class='ocrx_word' id='word_1_167' title='bbox 828 2200 887 2272; x_wconf 89' lang='lat' dir='ltr'>III.</span> <span class='ocrx_word' id='word_1_168' title='bbox 913 2200 936 2268; x_wconf 80' lang='lat'>1,</span> <span class='ocrx_word' id='word_1_169' title='bbox 962 2201 1009 2259; x_wconf 81' lang='lat' dir='ltr'>ol:</span> <span class='ocrx_word' id='word_1_170' title='bbox 1037 2219 1107 2276; x_wconf 75' lang='lat' dir='ltr'>uper</span> <span class='ocrx_word' id='word_1_171' title='bbox 1125 2220 1180 2259; x_wconf 90' lang='lat' dir='ltr'>vos</span> <span class='ocrx_word' id='word_1_172' title='bbox 1195 2205 1310 2260; x_wconf 69' lang='lat' dir='ltr'>ulrum·</span> 
     </span>
     <span class='ocr_line' id='line_1_19' title="bbox 185 2305 1310 2384; baseline 0.003 -19"><span class='ocrx_word' id='word_1_173' title='bbox 185 2326 242 2383; x_wconf 89' lang='lat' dir='ltr'>que</span> <span class='ocrx_word' id='word_1_174' title='bbox 263 2328 433 2382; x_wconf 83' lang='lat' dir='ltr'>rogamus.»</span> <span class='ocrx_word' id='word_1_175' title='bbox 476 2326 575 2384; x_wconf 81' lang='lat' dir='ltr'>-per</span> <span class='ocrx_word' id='word_1_176' title='bbox 596 2310 708 2380; x_wconf 77' lang='lat' dir='ltr'>oueuis,</span> <span class='ocrx_word' id='word_1_177' title='bbox 734 2305 796 2377; x_wconf 81' lang='lat' dir='ltr'>Qui</span> <span class='ocrx_word' id='word_1_178' title='bbox 816 2309 896 2366; x_wconf 77' lang='lat' dir='ltr'>duret</span> <span class='ocrx_word' id='word_1_179' title='bbox 916 2308 1070 2382; x_wconf 70' lang='lat' dir='ltr'>fallendos</span> <span class='ocrx_word' id='word_1_180' title='bbox 1091 2327 1122 2366; x_wconf 87' lang='lat' dir='ltr'>se</span> <span class='ocrx_word' id='word_1_181' title='bbox 1144 2310 1201 2366; x_wconf 72' lang='lat' dir='ltr'>uu</span> <span class='ocrx_word' id='word_1_182' title='bbox 1219 2328 1310 2384; x_wconf 77' lang='lat' dir='ltr'>serpe,</span> 
     </span>
     <span class='ocr_line' id='line_1_20' title="bbox 184 2413 1310 2489; baseline 0 -15"><span class='ocrx_word' id='word_1_183' title='bbox 184 2418 263 2489; x_wconf 84' lang='lat' dir='ltr'>deos,</span> <span class='ocrx_word' id='word_1_184' title='bbox 287 2416 396 2474; x_wconf 81' lang='lat' dir='ltr'>alludii</span> <span class='ocrx_word' id='word_1_185' title='bbox 418 2415 456 2473; x_wconf 81' lang='lat' dir='ltr'>ed</span> <span class='ocrx_word' id='word_1_186' title='bbox 478 2416 536 2473; x_wconf 90' lang='lat' dir='ltr'>III.</span> <span class='ocrx_word' id='word_1_187' title='bbox 559 2415 586 2482; x_wconf 88' lang='lat'>3,</span> <span class='ocrx_word' id='word_1_188' title='bbox 612 2414 747 2472; x_wconf 56' lang='lat' dir='ltr'>leue:</span> <span class='ocrx_word' id='word_1_189' title='bbox 775 2413 915 2472; x_wconf 77' lang='lat' dir='ltr'>«Soilieei</span> <span class='ocrx_word' id='word_1_190' title='bbox 946 2416 1055 2472; x_wconf 80' lang='lat' dir='ltr'>aeierni</span> <span class='ocrx_word' id='word_1_191' title='bbox 1076 2414 1188 2472; x_wconf 83' lang='lat' dir='ltr'>fulsum</span> <span class='ocrx_word' id='word_1_192' title='bbox 1209 2417 1310 2474; x_wconf 77' lang='lat' dir='ltr'>iurare</span> 
     </span>
     <span class='ocr_line' id='line_1_21' title="bbox 183 2519 1311 2599; baseline 0.003 -21"><span class='ocrx_word' id='word_1_193' title='bbox 183 2523 294 2595; x_wconf 87' lang='lat' dir='ltr'>puellis</span> <span class='ocrx_word' id='word_1_194' title='bbox 316 2522 357 2579; x_wconf 92' lang='lat' dir='ltr'>Di</span> <span class='ocrx_word' id='word_1_195' title='bbox 379 2541 498 2597; x_wconf 89' lang='lat' dir='ltr'>quoque</span> <span class='ocrx_word' id='word_1_196' title='bbox 521 2519 719 2579; x_wconf 77' lang='lat' dir='ltr'>ooneeduni.»</span> <span class='ocrx_word' id='word_1_197' title='bbox 806 2520 927 2597; x_wconf 79' lang='lat' dir='ltr'>Perque</span> <span class='ocrx_word' id='word_1_198' title='bbox 949 2527 1039 2578; x_wconf 73' lang='lat' dir='ltr'>terem</span> <span class='ocrx_word' id='word_1_199' title='bbox 1060 2523 1311 2599; x_wconf 60' lang='lat' dir='ltr'>faciemusque</span> 
     </span>
     <span class='ocr_line' id='line_1_22' title="bbox 184 2614 1310 2705; baseline -0.001 -18"><span class='ocrx_word' id='word_1_200' title='bbox 184 2630 265 2687; x_wconf 82' lang='lat' dir='ltr'>mihi</span> <span class='ocrx_word' id='word_1_201' title='bbox 294 2630 439 2688; x_wconf 80' lang='lat' dir='ltr'>uuuu&#39;uis</span> <span class='ocrx_word' id='word_1_202' title='bbox 470 2632 580 2698; x_wconf 64' lang='lat' dir='ltr'>uesieu</span> <span class='ocrx_word' id='word_1_203' title='bbox 602 2630 751 2702; x_wconf 74' lang='lat' dir='ltr'>utsupra</span> <span class='ocrx_word' id='word_1_204' title='bbox 772 2627 830 2686; x_wconf 92' lang='grc' dir='ltr'>ΠΙ.</span> <span class='ocrx_word' id='word_1_205' title='bbox 853 2627 881 2697; x_wconf 90' lang='grc'>3,</span> <span class='ocrx_word' id='word_1_206' title='bbox 907 2629 961 2687; x_wconf 71' lang='lat' dir='ltr'>lu:</span> <span class='ocrx_word' id='word_1_207' title='bbox 988 2628 1163 2705; x_wconf 77' lang='lat' dir='ltr'>«formaque</span> <span class='ocrx_word' id='word_1_208' title='bbox 1194 2614 1310 2687; x_wconf 83' lang='lat' dir='ltr'>numen</span> 
     </span>
     <span class='ocr_line' id='line_1_23' title="bbox 183 2735 1309 2811; baseline 0 -18"><span class='ocrx_word' id='word_1_209' title='bbox 183 2735 301 2795; x_wconf 75' lang='lat' dir='ltr'>hebet.»</span> <span class='ocrx_word' id='word_1_210' title='bbox 388 2737 509 2811; x_wconf 81' lang='lat' dir='ltr'>Perque</span> <span class='ocrx_word' id='word_1_211' title='bbox 531 2742 599 2792; x_wconf 83' lang='lat' dir='ltr'>tuos</span> <span class='ocrx_word' id='word_1_212' title='bbox 621 2736 733 2805; x_wconf 80' lang='lat' dir='ltr'>oeulos,</span> <span class='ocrx_word' id='word_1_213' title='bbox 755 2736 813 2810; x_wconf 81' lang='lat' dir='ltr'>qui</span> <span class='ocrx_word' id='word_1_214' title='bbox 833 2753 971 2810; x_wconf 21' lang='lat' dir='ltr'>repulere</span> <span class='ocrx_word' id='word_1_215' title='bbox 992 2752 1084 2806; x_wconf 83' lang='lat' dir='ltr'>meos,</span> <span class='ocrx_word' id='word_1_216' title='bbox 1105 2737 1140 2792; x_wconf 79' lang='lat' dir='ltr'>ui</span> <span class='ocrx_word' id='word_1_217' title='bbox 1162 2754 1255 2809; x_wconf 83' lang='lat' dir='ltr'>supre</span> <span class='ocrx_word' id='word_1_218' title='bbox 1268 2735 1309 2794; x_wconf 88' lang='lat' dir='ltr'>H.</span> 
     </span>
     <span class='ocr_line' id='line_1_24' title="bbox 186 2841 1308 2916; baseline 0 -15"><span class='ocrx_word' id='word_1_219' title='bbox 186 2843 230 2910; x_wconf 84' lang='lat'>19,</span> <span class='ocrx_word' id='word_1_220' title='bbox 256 2843 310 2901; x_wconf 82' lang='lat'>19:</span> <span class='ocrx_word' id='word_1_221' title='bbox 338 2860 421 2916; x_wconf 65' lang='lat' dir='ltr'>‹cquae</span> <span class='ocrx_word' id='word_1_222' title='bbox 443 2843 566 2900; x_wconf 72' lang='lat' dir='ltr'>nostros</span> <span class='ocrx_word' id='word_1_223' title='bbox 587 2843 718 2915; x_wconf 75' lang='lat' dir='ltr'>rapuisti</span> <span class='ocrx_word' id='word_1_224' title='bbox 738 2859 838 2915; x_wconf 84' lang='lat' dir='ltr'>nuper</span> <span class='ocrx_word' id='word_1_225' title='bbox 859 2841 1000 2910; x_wconf 75' lang='lat' dir='ltr'>oeellosr;</span> <span class='ocrx_word' id='word_1_226' title='bbox 1024 2859 1061 2899; x_wconf 83' lang='lat' dir='ltr'>ex</span> <span class='ocrx_word' id='word_1_227' title='bbox 1080 2841 1171 2916; x_wconf 88' lang='lat' dir='ltr'>Prop.</span> <span class='ocrx_word' id='word_1_228' title='bbox 1187 2842 1245 2899; x_wconf 89' lang='lat' dir='ltr'>HI.</span> <span class='ocrx_word' id='word_1_229' title='bbox 1263 2842 1308 2909; x_wconf 89' lang='lat'>10,</span> 
     </span>
     <span class='ocr_line' id='line_1_25' title="bbox 185 2948 1051 3024; baseline -0.006 -18"><span class='ocrx_word' id='word_1_230' title='bbox 185 2949 237 3008; x_wconf 83' lang='lat'>15:</span> <span class='ocrx_word' id='word_1_231' title='bbox 265 2968 341 3024; x_wconf 79' lang='lat' dir='ltr'>equs</span> <span class='ocrx_word' id='word_1_232' title='bbox 362 2948 498 3023; x_wconf 88' lang='lat' dir='ltr'>primum</span> <span class='ocrx_word' id='word_1_233' title='bbox 520 2952 624 3006; x_wconf 89' lang='lat' dir='ltr'>oeulos</span> <span class='ocrx_word' id='word_1_234' title='bbox 649 2950 759 3022; x_wconf 77' lang='lat' dir='ltr'>cepisti</span> <span class='ocrx_word' id='word_1_235' title='bbox 779 2949 863 3005; x_wconf 81' lang='lat' dir='ltr'>ve&#39;sie</span> <span class='ocrx_word' id='word_1_236' title='bbox 885 2948 1051 3023; x_wconf 73' lang='lat' dir='ltr'>Properti.»</span> 
     </span>
    </p>

    <p class='ocr_par' dir='ltr' id='par_1_7' title="bbox 180 3054 1368 4197">
     <span class='ocr_line' id='line_1_26' title="bbox 237 3054 1310 3131; baseline 0.002 -19"><span class='ocrx_word' id='word_1_237' title='bbox 237 3054 272 3115; x_wconf 87' lang='lat' dir='ltr'>V.</span> <span class='ocrx_word' id='word_1_238' title='bbox 294 3056 424 3114; x_wconf 67' lang='grc'><strong>49--51,</strong></span> <span class='ocrx_word' id='word_1_239' title='bbox 451 3055 614 3131; x_wconf 73' lang='lat' dir='ltr'>Quidquid</span> <span class='ocrx_word' id='word_1_240' title='bbox 636 3057 705 3123; x_wconf 78' lang='lat' dir='ltr'>eris,</span> <span class='ocrx_word' id='word_1_241' title='bbox 729 3075 798 3114; x_wconf 83' lang='lat' dir='ltr'>mee</span> <span class='ocrx_word' id='word_1_242' title='bbox 829 3073 950 3130; x_wconf 81' lang='lat' dir='ltr'>semper</span> <span class='ocrx_word' id='word_1_243' title='bbox 980 3058 1048 3127; x_wconf 82' lang='lat' dir='ltr'>eris,</span> <span class='ocrx_word' id='word_1_244' title='bbox 1081 3054 1310 3131; x_wconf 79' lang='lat' dir='ltr'>qualiscumque</span> 
     </span>
     <span class='ocr_line' id='line_1_27' title="bbox 183 3162 1309 3243; baseline 0.001 -24"><span class='ocrx_word' id='word_1_245' title='bbox 183 3165 253 3232; x_wconf 78' lang='lat' dir='ltr'>eriS,</span> <span class='ocrx_word' id='word_1_246' title='bbox 269 3165 299 3220; x_wconf 78' lang='lat' dir='ltr'>ie</span> <span class='ocrx_word' id='word_1_247' title='bbox 315 3182 436 3238; x_wconf 92' lang='lat' dir='ltr'>semper</span> <span class='ocrx_word' id='word_1_248' title='bbox 451 3163 570 3222; x_wconf 81' lang='lat' dir='ltr'>amabo.</span> <span class='ocrx_word' id='word_1_249' title='bbox 586 3199 625 3204; x_wconf 82' lang='lat'>—-</span> <span class='ocrx_word' id='word_1_250' title='bbox 644 3164 807 3243; x_wconf 76' lang='lat' dir='ltr'>Quidquid</span> <span class='ocrx_word' id='word_1_251' title='bbox 829 3165 898 3234; x_wconf 71' lang='lat' dir='ltr'>erio,</span> <span class='ocrx_word' id='word_1_252' title='bbox 913 3165 949 3220; x_wconf 76' lang='lat' dir='ltr'>ui</span> <span class='ocrx_word' id='word_1_253' title='bbox 962 3163 1052 3238; x_wconf 89' lang='lat' dir='ltr'>Prop.</span> <span class='ocrx_word' id='word_1_254' title='bbox 1069 3163 1093 3222; x_wconf 92' lang='lat' dir='ltr'>I.</span> <span class='ocrx_word' id='word_1_255' title='bbox 1111 3162 1157 3232; x_wconf 88' lang='lat' dir='ltr'>ll,</span> <span class='ocrx_word' id='word_1_256' title='bbox 1173 3163 1211 3220; x_wconf 67' lang='lat'>25</span> <span class='ocrx_word' id='word_1_257' title='bbox 1222 3199 1230 3202; x_wconf 86' lang='lat'><em>-</em></span> <span class='ocrx_word' id='word_1_258' title='bbox 1241 3199 1243 3202; x_wconf 56' lang='lat'>&lt;</span> <span class='ocrx_word' id='word_1_259' title='bbox 1253 3162 1309 3221; x_wconf 70' lang='lat'>26:</span> 
     </span>
     <span class='ocr_line' id='line_1_28' title="bbox 187 3267 1309 3345; baseline 0.003 -23"><span class='ocrx_word' id='word_1_260' title='bbox 187 3268 264 3328; x_wconf 70' lang='lat' dir='ltr'>«Seu</span> <span class='ocrx_word' id='word_1_261' title='bbox 284 3271 382 3328; x_wconf 72' lang='lat' dir='ltr'>irisiis</span> <span class='ocrx_word' id='word_1_262' title='bbox 403 3272 528 3328; x_wconf 85' lang='lat' dir='ltr'>venium</span> <span class='ocrx_word' id='word_1_263' title='bbox 550 3289 604 3327; x_wconf 90' lang='lat' dir='ltr'>seu</span> <span class='ocrx_word' id='word_1_264' title='bbox 625 3273 733 3328; x_wconf 76' lang='lat' dir='ltr'>eontra</span> <span class='ocrx_word' id='word_1_265' title='bbox 753 3271 842 3328; x_wconf 74' lang='lat' dir='ltr'>laeius</span> <span class='ocrx_word' id='word_1_266' title='bbox 865 3271 982 3340; x_wconf 78' lang='lat' dir='ltr'>amieis,</span> <span class='ocrx_word' id='word_1_267' title='bbox 1006 3270 1160 3345; x_wconf 81' lang='lat' dir='ltr'>Quidquid</span> <span class='ocrx_word' id='word_1_268' title='bbox 1182 3288 1243 3338; x_wconf 90' lang='lat' dir='ltr'>ero,</span> <span class='ocrx_word' id='word_1_269' title='bbox 1266 3267 1309 3325; x_wconf 90' lang='lat' dir='ltr'>di·</span> 
     </span>
     <span class='ocr_line' id='line_1_29' title="bbox 182 3374 1310 3451; baseline -0.003 -17"><span class='ocrx_word' id='word_1_270' title='bbox 182 3394 268 3434; x_wconf 82' lang='lat' dir='ltr'>eum:</span> <span class='ocrx_word' id='word_1_271' title='bbox 292 3375 428 3450; x_wconf 79' lang='lat' dir='ltr'>Cynthio</span> <span class='ocrx_word' id='word_1_272' title='bbox 450 3394 540 3433; x_wconf 83' lang='lat' dir='ltr'>eeuse</span> <span class='ocrx_word' id='word_1_273' title='bbox 562 3374 646 3434; x_wconf 78' lang='lat' dir='ltr'>fuit.»</span> <span class='ocrx_word' id='word_1_274' title='bbox 671 3411 710 3416; x_wconf 85' lang='lat'>—-</span> <span class='ocrx_word' id='word_1_275' title='bbox 734 3375 780 3433; x_wconf 86' lang='lat' dir='ltr'>Me</span> <span class='ocrx_word' id='word_1_276' title='bbox 811 3394 935 3451; x_wconf 90' lang='lat' dir='ltr'>quoque</span> <span class='ocrx_word' id='word_1_277' title='bbox 964 3377 1040 3435; x_wconf 80' lang='lat' dir='ltr'>uelle</span> <span class='ocrx_word' id='word_1_278' title='bbox 1065 3376 1148 3446; x_wconf 79' lang='lat' dir='ltr'>uelis,</span> <span class='ocrx_word' id='word_1_279' title='bbox 1170 3376 1190 3434; x_wconf 90' lang='lat' dir='ltr'>i.</span> <span class='ocrx_word' id='word_1_280' title='bbox 1214 3392 1238 3432; x_wconf 89' lang='lat' dir='ltr'>e.</span> <span class='ocrx_word' id='word_1_281' title='bbox 1261 3392 1310 3431; x_wconf 89' lang='lat' dir='ltr'>me</span> 
     </span>
     <span class='ocr_line' id='line_1_30' title="bbox 183 3479 1368 3557; baseline -0.003 -19"><span class='ocrx_word' id='word_1_282' title='bbox 183 3500 303 3556; x_wconf 91' lang='lat' dir='ltr'>quoque</span> <span class='ocrx_word' id='word_1_283' title='bbox 326 3499 429 3539; x_wconf 83' lang='lat' dir='ltr'>emere</span> <span class='ocrx_word' id='word_1_284' title='bbox 450 3480 527 3538; x_wconf 86' lang='lat' dir='ltr'>velle</span> <span class='ocrx_word' id='word_1_285' title='bbox 549 3482 633 3550; x_wconf 81' lang='lat' dir='ltr'>velis,</span> <span class='ocrx_word' id='word_1_286' title='bbox 658 3481 739 3556; x_wconf 92' lang='lat' dir='ltr'>quod</span> <span class='ocrx_word' id='word_1_287' title='bbox 760 3480 856 3550; x_wconf 80' lang='lat' dir='ltr'>fieret,</span> <span class='ocrx_word' id='word_1_288' title='bbox 880 3483 906 3538; x_wconf 92' lang='lat' dir='ltr'>si</span> <span class='ocrx_word' id='word_1_289' title='bbox 928 3484 961 3539; x_wconf 77' lang='lat' dir='ltr'>lu</span> <span class='ocrx_word' id='word_1_290' title='bbox 982 3481 1107 3557; x_wconf 89' lang='lat' dir='ltr'>probior</span> <span class='ocrx_word' id='word_1_291' title='bbox 1135 3480 1241 3549; x_wconf 87' lang='lat' dir='ltr'>fieres;</span> <span class='ocrx_word' id='word_1_292' title='bbox 1271 3479 1310 3538; x_wconf 90' lang='lat' dir='ltr'>ef.</span> <span class='ocrx_word' id='word_1_293' title='bbox 1365 3495 1368 3500; x_wconf 90' lang='lat'>·</span> 
     </span>
     <span class='ocr_line' id='line_1_31' title="bbox 183 3587 1310 3662; baseline -0.004 -14"><span class='ocrx_word' id='word_1_294' title='bbox 183 3589 236 3648; x_wconf 88' lang='lat' dir='ltr'>Ov.</span> <span class='ocrx_word' id='word_1_295' title='bbox 259 3589 332 3646; x_wconf 91' lang='lat' dir='ltr'>Her.</span> <span class='ocrx_word' id='word_1_296' title='bbox 356 3587 402 3654; x_wconf 71' lang='lat'>21,</span> <span class='ocrx_word' id='word_1_297' title='bbox 427 3587 481 3645; x_wconf 78' lang='lat'>60:</span> <span class='ocrx_word' id='word_1_298' title='bbox 508 3587 583 3654; x_wconf 84' lang='lat' dir='ltr'>«Me,</span> <span class='ocrx_word' id='word_1_299' title='bbox 607 3605 723 3661; x_wconf 83' lang='lat' dir='ltr'>precor,</span> <span class='ocrx_word' id='word_1_300' title='bbox 740 3590 775 3645; x_wconf 76' lang='lat' dir='ltr'>ui</span> <span class='ocrx_word' id='word_1_301' title='bbox 789 3606 899 3656; x_wconf 86' lang='lat' dir='ltr'>serves,</span> <span class='ocrx_word' id='word_1_302' title='bbox 915 3587 1045 3662; x_wconf 90' lang='lat' dir='ltr'>perdere</span> <span class='ocrx_word' id='word_1_303' title='bbox 1059 3588 1137 3645; x_wconf 89' lang='lat' dir='ltr'>velle</span> <span class='ocrx_word' id='word_1_304' title='bbox 1150 3589 1252 3646; x_wconf 76' lang='lat' dir='ltr'>velis.»</span> <span class='ocrx_word' id='word_1_305' title='bbox 1271 3621 1310 3626; x_wconf 78' lang='lat'>--</span> 
     </span>
     <span class='ocr_line' id='line_1_32' title="bbox 182 3694 1312 3769; baseline -0.003 -16"><span class='ocrx_word' id='word_1_306' title='bbox 182 3714 266 3754; x_wconf 86' lang='lat' dir='ltr'>ouue</span> <span class='ocrx_word' id='word_1_307' title='bbox 289 3700 413 3752; x_wconf 83' lang='lat' dir='ltr'>coactus</span> <span class='ocrx_word' id='word_1_308' title='bbox 435 3713 548 3763; x_wconf 76' lang='lat' dir='ltr'>eurem,</span> <span class='ocrx_word' id='word_1_309' title='bbox 581 3694 661 3767; x_wconf 90' lang='lat' dir='ltr'>quod</span> <span class='ocrx_word' id='word_1_310' title='bbox 692 3694 753 3764; x_wconf 79' lang='lat' dir='ltr'>fiel,</span> <span class='ocrx_word' id='word_1_311' title='bbox 787 3697 812 3752; x_wconf 90' lang='lat' dir='ltr'>si</span> <span class='ocrx_word' id='word_1_312' title='bbox 844 3697 878 3752; x_wconf 76' lang='lat' dir='ltr'>iu</span> <span class='ocrx_word' id='word_1_313' title='bbox 910 3694 1051 3769; x_wconf 82' lang='lat' dir='ltr'>improbe</span> <span class='ocrx_word' id='word_1_314' title='bbox 1081 3696 1240 3752; x_wconf 84' lang='lat' dir='ltr'>mensoris.</span> <span class='ocrx_word' id='word_1_315' title='bbox 1288 3727 1312 3732; x_wconf 91' lang='lat'>—</span> 
     </span>
     <span class='ocr_line' id='line_1_33' title="bbox 181 3802 1311 3877; baseline -0.003 -16"><span class='ocrx_word' id='word_1_316' title='bbox 181 3803 295 3861; x_wconf 80' lang='lat' dir='ltr'>Liuteu</span> <span class='ocrx_word' id='word_1_317' title='bbox 317 3805 390 3871; x_wconf 80' lang='lat' dir='ltr'>elem</span> <span class='ocrx_word' id='word_1_318' title='bbox 407 3803 516 3876; x_wconf 77' lang='lat' dir='ltr'>potius</span> <span class='ocrx_word' id='word_1_319' title='bbox 537 3805 698 3877; x_wconf 78' lang='lat' dir='ltr'>ventisque</span> <span class='ocrx_word' id='word_1_320' title='bbox 719 3804 893 3877; x_wconf 73' lang='lat' dir='ltr'>ferentibus</span> <span class='ocrx_word' id='word_1_321' title='bbox 915 3807 998 3871; x_wconf 77' lang='lat' dir='ltr'>ieter,</span> <span class='ocrx_word' id='word_1_322' title='bbox 1022 3802 1137 3873; x_wconf 77' lang='lat' dir='ltr'>Quum,</span> <span class='ocrx_word' id='word_1_323' title='bbox 1168 3803 1311 3876; x_wconf 81' lang='lat' dir='ltr'>quemuis</span> 
     </span>
     <span class='ocr_line' id='line_1_34' title="bbox 180 3905 1310 3983; baseline -0.002 -18"><span class='ocrx_word' id='word_1_324' title='bbox 180 3908 290 3977; x_wconf 82' lang='lat' dir='ltr'>uelim,</span> <span class='ocrx_word' id='word_1_325' title='bbox 314 3927 417 3983; x_wconf 77' lang='lat' dir='ltr'>oeque,</span> <span class='ocrx_word' id='word_1_326' title='bbox 440 3927 549 3967; x_wconf 78' lang='lat' dir='ltr'>emere</span> <span class='ocrx_word' id='word_1_327' title='bbox 570 3909 673 3981; x_wconf 73' lang='lat' dir='ltr'>velius,</span> <span class='ocrx_word' id='word_1_328' title='bbox 696 3911 715 3968; x_wconf 91' lang='lat' dir='ltr'>i.</span> <span class='ocrx_word' id='word_1_329' title='bbox 737 3927 764 3968; x_wconf 86' lang='lat' dir='ltr'>e.</span> <span class='ocrx_word' id='word_1_330' title='bbox 787 3927 842 3981; x_wconf 83' lang='lat' dir='ltr'>ego</span> <span class='ocrx_word' id='word_1_331' title='bbox 864 3910 971 3965; x_wconf 76' lang='lat' dir='ltr'>malim</span> <span class='ocrx_word' id='word_1_332' title='bbox 995 3908 1037 3982; x_wconf 80' lang='lat' dir='ltr'>(ie</span> <span class='ocrx_word' id='word_1_333' title='bbox 1058 3907 1202 3982; x_wconf 90' lang='lat' dir='ltr'>probiore</span> <span class='ocrx_word' id='word_1_334' title='bbox 1217 3905 1310 3982; x_wconf 80' lang='lat' dir='ltr'>foeta)</span> 
     </span>
     <span class='ocr_line' id='line_1_35' title="bbox 180 4013 1311 4090; baseline -0.002 -18"><span class='ocrx_word' id='word_1_335' title='bbox 180 4013 287 4073; x_wconf 88' lang='lat' dir='ltr'>volens</span> <span class='ocrx_word' id='word_1_336' title='bbox 309 4016 408 4072; x_wconf 83' lang='lat' dir='ltr'>emori</span> <span class='ocrx_word' id='word_1_337' title='bbox 429 4033 479 4072; x_wconf 92' lang='lat' dir='ltr'>me</span> <span class='ocrx_word' id='word_1_338' title='bbox 502 4015 621 4084; x_wconf 87' lang='lat' dir='ltr'>dedere,</span> <span class='ocrx_word' id='word_1_339' title='bbox 646 4034 738 4090; x_wconf 81' lang='lat' dir='ltr'>quem</span> <span class='ocrx_word' id='word_1_340' title='bbox 760 4019 873 4074; x_wconf 89' lang='lat' dir='ltr'>nolens</span> <span class='ocrx_word' id='word_1_341' title='bbox 895 4034 998 4073; x_wconf 83' lang='lat' dir='ltr'>emere</span> <span class='ocrx_word' id='word_1_342' title='bbox 1021 4016 1096 4088; x_wconf 84' lang='lat' dir='ltr'>oogi.</span> <span class='ocrx_word' id='word_1_343' title='bbox 1197 4015 1311 4071; x_wconf 77' lang='lat' dir='ltr'>Lintea</span> 
     </span>
     <span class='ocr_line' id='line_1_36' title="bbox 181 4121 1311 4197; baseline -0.001 -19"><span class='ocrx_word' id='word_1_344' title='bbox 181 4123 253 4178; x_wconf 83' lang='lat' dir='ltr'>dem</span> <span class='ocrx_word' id='word_1_345' title='bbox 273 4122 379 4197; x_wconf 75' lang='lat' dir='ltr'>potius</span> <span class='ocrx_word' id='word_1_346' title='bbox 408 4124 569 4197; x_wconf 74' lang='lat' dir='ltr'>ventisque</span> <span class='ocrx_word' id='word_1_347' title='bbox 600 4123 772 4197; x_wconf 72' lang='lat' dir='ltr'>serentibus</span> <span class='ocrx_word' id='word_1_348' title='bbox 805 4130 885 4194; x_wconf 74' lang='grc'><strong>111111,</strong></span> <span class='ocrx_word' id='word_1_349' title='bbox 917 4123 1005 4180; x_wconf 84' lang='lat' dir='ltr'>nevis</span> <span class='ocrx_word' id='word_1_350' title='bbox 1037 4121 1180 4180; x_wconf 86' lang='lat' dir='ltr'>seeundis</span> <span class='ocrx_word' id='word_1_351' title='bbox 1209 4121 1311 4177; x_wconf 81' lang='lat' dir='ltr'>ventis</span> 
     </span>
    </p>
   </div>
   <div class='ocr_carea' id='block_1_3' title="bbox 0 0 1452 4754">
    <p class='ocr_par' dir='ltr' id='par_1_8' title="bbox 0 0 1452 4754">
     <span class='ocr_line' id='line_1_37' title="bbox 0 0 1452 4754; baseline 0 2"><span class='ocrx_word' id='word_1_352' title='bbox 0 0 1452 4754; x_wconf 95' lang='lat' dir='ltr'> </span> 
     </span>
    </p>
   </div>
  </div>
 </body>
</html>
