2896 4754
629 339 670 381 sn
686 339 708 380 1.
727 335 752 393 5,
772 334 875 381 rs-ss.
1265 314 1315 367 113

189 516 262 574 nica
293 516 392 574 velata
414 515 545 573 soluta».
568 550 587 555 --
628 515 758 574 diriditis
775 560 781 571 .
800 558 829 571 ..
853 530 950 581 onina,
974 509 1070 568 effusa
1092 510 1126 567 cf.
1152 510 1205 571 Ov.
1228 510 1262 568 A.
1279 511 1315 569 Α.

188 622 246 680 ΙΠ
269 622 437 681 isa-784.
461 621 511 697 (de
534 621 662 679 muliere
684 621 718 677 in
740 620 914 678 cubiculum
937 615 974 675 ad
997 619 1166 675 amatorem
1189 616 1314 692 euntelz

193 729 274 789 «Nec
294 727 352 786 tibi
372 731 461 804 turpe
483 730 558 802 puta
588 725 715 795 crinem,
747 729 782 784 ut
811 723 951 800 Phylleia
981 727 1110 793 maioni1
1141 723 1263 783 Solvere
1285 726 1315 782 et

188 833 296 893 effusis
318 836 397 894 colla
416 833 539 892 reflecte
562 834 686 892 comis».
709 867 718 873 —
770 832 892 906 folliosa
917 829 1111 901 Semiramis,
1133 832 1241 903 regina
1255 829 1314 887 Ba·

186 941 322 1018 bylonis,
344 941 456 999 mulier
476 939 660 1009 libidinosa;
684 937 719 997 of.
744 937 846 997 Schol.
869 936 908 996 ad
928 938 1032 996 Iuven.
1051 938 1077 1006 T,
1096 936 1171 995 108:
1199 935 1311 996 «Semi-

187 1050 285 1108 ramis
314 1067 393 1108 uxor
430 1048 514 1115 Nini,
546 1046 715 1122 Babylonis
747 1045 880 1104 civitatis
911 1044 1066 1103 conditrix
1097 1062 1115 1101 a
1149 1044 1213 1102 filio
1248 1063 1312 1112 suo,

187 1159 276 1216 cuius
297 1155 477 1216 concubitus
498 1157 614 1214 inceste
637 1154 842 1230 concupierat,
859 1154 960 1212 occisa
975 1156 1049 1211 est».
1065 1187 1105 1192 —-
1119 1153 1226 1211 vircillis
1240 1153 1315 1210 Lais

186 1271 300 1323 amato
320 1265 403 1335 uiris,
424 1265 516 1338 poeta
531 1264 602 1320 ante
624 1264 727 1320 oculos
748 1261 858 1319 habuit
879 1261 969 1334 Prop.
990 1259 1031 1318 Π.
1054 1263 1081 1329 6,
1108 1260 1202 1317 1-a:
1229 1259 1314 1318 «Non

187 1373 234 1430 ita
255 1370 451 1446 complebant
470 1369 621 1446 Ephyreia
644 1368 758 1426 Laidos
780 1368 869 1437 aedes,
893 1367 940 1425 Ad
971 1369 1056 1426 ciuus
1078 1369 1174 1424 iacuit
1196 1367 1314 1426 Gracia

186 1481 255 1536 tota
275 1477 372 1537 fores»
408 1479 438 1535 et
467 1475 541 1534 ibid.
573 1477 610 1533 6:
646 1476 786 1549 «Phryne
814 1478 879 1533 tam
910 1476 1016 1532 multis
1047 1475 1127 1532 facta
1157 1473 1247 1531 beata
1267 1475 1312 1531 vi-

186 1586 260 1646 ris».
287 1620 326 1626 -
359 1585 442 1655 Lais,
482 1581 630 1640 meretrix
668 1582 831 1641 Corinthia
866 1581 1073 1650 celeberrima,
1107 1582 1206 1639 amica
1244 1579 1313 1638 Ari·

186 1691 292 1766 stippi,
314 1690 464 1764 Diogenis
485 1690 517 1747 et
537 1687 768 1758 Demosthenis.

241 1799 277 1857 V.
300 1797 426 1856 13-1t.
449 1795 583 1871 Deripui
604 1795 749 1852 tunicam
771 1798 836 1863 etc,
860 1813 897 1853 ex
918 1793 1008 1869 Prop.
1028 1793 1069 1854 Π.
1095 1776 1193 1861 1,13⁴:
1213 1792 1312 1850 «nuda

186 1908 293 1981 erepto
323 1923 445 1962 mecum
475 1904 612 1960 luctatur
641 1903 771 1960 amictu»
807 1906 836 1960 et
865 1903 905 1960 Π.
941 1904 984 1971 15,
1016 1903 1058 1959 17-
1087 1901 1150 1960 ·18;
1178 1899 1312 1971 «Quodsi

185 2009 377 2086 pertendens
399 2010 504 2068 animo
525 2011 639 2068 vestita
660 2010 790 2079 cubaria,
814 2008 917 2068 Scissa
937 2012 1021 2069 veste
1046 2029 1132 2067 meas
1154 2010 1311 2084 experiere

186 2136 326 2177 manus».
347 2151 387 2158 —-
408 2137 492 2188 raro,
514 2117 624 2174 tenuis.

240 2225 276 2284 V.
301 2225 426 2284 lia-aa.
453 2223 536 2294 Quos
557 2244 682 2283 sirarios
705 2229 771 2295 eta,
794 2227 905 2283 similis
927 2225 1120 2283 enumeratio
1142 2223 1224 2298 apud
1237 2224 1311 2281 Phi-

185 2332 344 2391 lodemum
365 2331 473 2409 (Anth.
486 2332 549 2390 Pal.
564 2333 597 2391 V.
625 2332 689 2403 132,
715 2334 735 2391 1-
773 2332 816 2409 d.)
827 2356 833 2391 :
846 2314 888 2392 'll
902 2328 1051 2405 reddidi
1073 2327 1195 2411 κνήμης,
1210 2327 1237 2389 ὦ
1251 2335 1313 2389 τῶν

134 2448 137 2459 “
187 2432 336 2500 ἀπόλωλα
366 2435 493 2503 δικαίως
516 2436 641 2518 Μηρῶν,
673 2435 700 2496 ὠ
731 2435 877 2516 γλουτῶν,
909 2435 937 2497 ὠ
967 2436 1080 2507 arendo,
1112 2434 1307 2515 ῶλαγόνων,

180 2535 297 2624 Ὤμων,
319 2542 347 2605 ὡ
366 2547 504 2626 μαστῶν,
526 2542 553 2605 ὠ
573 2543 629 2604 τοῦ
657 2541 803 2624 ραὃινοῖο
819 2541 984 2626 τραχήλου,
1001 2527 1044 2603 Ὠ
1053 2543 1179 2626 χειρῶν,
1197 2539 1229 2601 ’ὠ
1251 2545 1310 2602 τῶν

185 2651 336 2732 μαίνομαι
367 2649 534 2733 cippaticos.
639 2653 752 2711 Forum
784 2653 979 2728 papillarum
1009 2669 1107 2727 quum
1140 2651 1202 2723 sirit
1233 2658 1310 2728 opta

235 2890 336 2942 *Hoc
364 2891 427 2942 loco
457 2888 588 2959 Phylleic
613 2898 710 2943 raalai·
737 2891 891 2943 mulierem
919 2890 1090 2942 Thessalam
1119 2891 1309 2943 bacchantem

185 2979 341 3047 significat,
362 2979 438 3045 quod
456 2979 531 3047 fugit
550 2981 607 3032 huc
627 2998 718 3048 usque
747 2983 931 3049 interpretes.
959 2979 1086 3031 Femina
1115 2980 1191 3031 enirn
1220 2980 1307 3032 Thes·

184 3068 261 3131 salae,
281 3068 446 3122 Laodamia
467 3071 595 3134 comites,
615 3072 651 3123 ab
671 3071 735 3139 ipso
756 3071 858 3123 Ovidio
878 3071 947 3122 Her.
970 3070 1011 3134 13,
1031 3071 1073 3122 35.
1093 3074 1202 3122 matres
1226 3067 1307 3138 Phyl-

186 3156 273 3210 rades
293 3158 478 3226 appellantur
497 3175 514 3211 a
532 3160 644 3228 Phyllo,
664 3160 820 3212 Thessalia
840 3159 964 3228 oppido;
985 3161 1067 3227 orgia
1085 3162 1182 3212 autern
1201 3160 1309 3211 Bacchi

185 3262 245 3298 non
265 3247 359 3299 solum
379 3246 410 3298 in
429 3248 562 3312 Thracia,
583 3249 633 3301 sed
653 3249 741 3301 ctiam
760 3249 791 3301 in
811 3249 961 3301 Thessalia
981 3249 1144 3315 frequentia
1156 3248 1246 3300 fuisse
1260 3249 1307 3300 do-

187 3337 253 3387 cent
272 3337 373 3403 poetae‚
392 3337 424 3388 ut
443 3337 528 3405 Prop.
547 3338 570 3389 I.
591 3338 615 3401 3,
636 3339 723 3391 5-6:
747 3340 820 3391 «Nec
839 3339 937 3391 minus
958 3337 1084 3390 assiduis
1103 3339 1213 3390 Edonis
1232 3338 1308 3392 fessa

184 3424 299 3477 choreis
319 3425 420 3490 Qualis
438 3427 469 3478 in
489 3427 614 3478 herboso
633 3428 760 3480 concidit
779 3428 927 3496 Apidano»
951 3427 980 3495 (i.
994 3445 1017 3480 e.
1031 3428 1061 3479 in
1080 3427 1201 3480 flumine
1219 3429 1306 3481 Thes-

185 3512 274 3580 salia)
309 3502 338 3566 et
361 3516 470 3568 Lucan.
498 3517 600 3568 Phars.
628 3515 651 3569 I.
681 3517 750 3569 674:
783 3533 865 3568 anam
886 3517 981 3582 qualis
1000 3517 1107 3569 vertice
1128 3515 1215 3569 Pindi
1234 3517 1264 3584 (i.
1283 3535 1307 3570 e.

184 3607 282 3656 monte
301 3604 471 3673 Thessalia)
490 3605 601 3657 Edonis
621 3605 734 3673 Ogygio
755 3605 881 3657 decurrit
901 3606 988 3672 plena
1007 3605 1118 3672 Lycao.»
1142 3607 1234 3658 Mater
1253 3606 1305 3675 igi·

184 3697 234 3745 tur
251 3693 306 3745 hoc
325 3694 388 3746 loco
407 3694 526 3763 ponitur
544 3712 597 3762 pro
617 3695 748 3759 muliere,
768 3698 800 3747 ut
820 3695 897 3763 apud
917 3695 1002 3762 Verg.
1024 3695 1074 3749 Ge.
1086 3696 1136 3748 IV.
1156 3694 1217 3748 bil).
1232 3694 1307 3748 Cico-

184 3797 257 3834 num
276 3788 384 3835 matres
405 3787 432 3835 et
453 3783 504 3836 Ov.
523 3785 592 3838 Met.
611 3785 660 3838 VI.
681 3785 723 3837 69.
743 3789 851 3836 matres
875 3783 1014 3837 Edonidas
1034 3785 1219 3853 appellantur
1237 3786 1306 3838 Bac-

184 3872 255 3934 chae,
276 3887 338 3938 qua
359 3873 474 3940 Orphea
494 3874 718 3942 discerpserunt.
749 3874 789 3926 Of.
809 3875 898 3926 etiam
928 3874 978 3927 Ov.
1007 3875 1075 3926 Her.
1101 3875 1139 3938 10,
1159 3873 1211 3926 48:
1234 3874 1307 3926 «Aut

185 3977 237 4029 ogo
258 3961 371 4014 diffusis
391 3962 486 4015 erravi
506 3964 568 4015 sola
595 3964 716 4031 capillis,
745 3963 845 4027 Qualis
876 3962 909 4015 ab
931 3964 1043 4032 Ogygio
1063 3965 1175 4016 concita
1193 3963 1309 4016 Baccha

185 4051 252 4103 deor
275 4053 305 4104 et
322 4045 452 4120 picturas
472 4053 658 4119 antiquorum
677 4053 856 4116 notissimas,
874 4053 925 4105 ubi
949 4053 1068 4105 Baccha
1088 4051 1308 4120 conspiciuntur

181 4138 281 4193 effusis
299 4141 390 4193 comis
409 4142 485 4193 colla
503 4141 692 4194 reflectentes.

234 4248 368 4302 Ne'mcthu:
382 4251 409 4293 P.
426 4249 505 4294 Ovidii
519 4250 627 4295 Nasonis
642 4253 751 4292 Amores.
1184 4249 1200 4300 8
