2896 4754
534 343 670 389 AMOBUM
688 345 736 389 111.
760 343 784 388 1.

188 527 332 608 Tempus
356 529 436 599 crat,
461 523 577 604 thyrso
602 522 738 603 pulsum
762 521 913 602 graviore
937 521 1084 596 moveri;

233 639 406 704 Cessatum
430 641 512 705 satis
536 652 602 704 est:
627 641 737 720 incipe
761 638 870 701 maius
896 638 997 720 opus!

187 755 330 818 Materia
353 757 477 837 premis
501 754 675 836 ingenium
688 777 695 830 ;
721 773 802 816 cane
827 754 914 816 facta
937 753 1103 818 virorum:

237 871 335 934 «Haec
359 872 492 935 animo»
520 872 610 934 dices
638 890 734 933 «area
757 871 845 932 facta
869 873 1008 932 meost.»

190 985 286 1063 Quod
308 991 430 1050 tenerae
455 991 600 1062 cantent,
627 985 709 1049 lusit
733 989 791 1047 tua
814 984 920 1058 Musa,
947 983 1077 1064 puellae,

165 1129 166 1132 ¹
232 1101 408 1184 Primaque
431 1121 492 1182 per
515 1118 673 1163 numeros
698 1105 772 1163 acta
795 1101 931 1163 iuventa
955 1119 1055 1175 suos3
1081 1078 1093 1102 ⁹
1145 1107 1146 1112 ’

188 1216 284 1280 Nunc
307 1217 449 1280 habeam
472 1221 587 1298 perte
610 1215 762 1280 Romana
786 1216 957 1297 Tragoedia
981 1219 1124 1281 nomen!

233 1331 380 1414 Inplebit
402 1332 493 1413 leges
517 1332 656 1413 spiritus
679 1331 743 1394 iste
766 1351 888 1394 meas.»

188 1449 369 1523 Hactenus,
396 1452 429 1511 et
452 1449 557 1511 movit
579 1448 678 1529 pictis
702 1447 817 1510 innixa
840 1448 1025 1510 cothurnis·

234 1563 385 1626 Densum
409 1566 543 1627 caesarie
567 1568 684 1646 terque
710 1567 891 1644 quaterque
916 1549 1025 1644 caput.

189 1679 310 1756 Altera,
338 1681 364 1743 si
389 1681 538 1754 memini,
564 1681 654 1743 limis
680 1680 817 1742 subrisit
842 1680 974 1755 oocllis3

235 1796 367 1873 (Pallor,
394 1818 437 1860 an
460 1797 497 1860 in
521 1796 635 1859 dextra
658 1800 787 1878 myrtea
809 1783 903 1877 virga
926 1797 1025 1872 fuiti)

196 1912 300 1991 «Quid
324 1914 479 1994 gravibus
503 1914 622 1987 verbis,
649 1913 803 1976 animosa
826 1912 1031 1993 Tragoedia»,
1057 1911 1139 1976 dixit
1196 1941 1225 1978 a

240 2028 311 2092 «Me
327 2030 477 2110 premis?
493 2050 536 2092 an
552 2049 736 2110 numquam
752 2049 822 2092 non
839 2030 947 2109 gravis
965 2049 1036 2092 esse
1052 2031 1174 2111 potes?

191 2143 366 2226 Inparibus
390 2151 504 2209 tamen
528 2166 563 2208 es
587 2145 736 2208 numeris
760 2145 898 2225 dignata
921 2144 1066 2206 moveri:

235 2260 276 2322 ln
299 2281 351 2324 me
376 2263 534 2343 pugnasti
557 2262 707 2324 versibus
730 2282 793 2323 usa
816 2263 909 2324 meis.

180 2364 265 2437 'Non
285 2395 346 2456 ego
371 2376 573 2438 contulerim
597 2375 755 2439 sublimia
779 2377 929 2438 carmina
952 2377 1097 2439 nostris:

239 2490 357 2554 Obruit
381 2492 516 2572 exiguas
539 2492 631 2572 regia
654 2495 765 2554 vestra
788 2493 886 2555 fores.
1197 2522 1227 2558 ic

196 2603 276 2668 Sum
298 2605 392 2682 levis,
418 2609 451 2669 et
473 2626 605 2669 mecum
629 2606 712 2669 levis
737 2611 794 2681 est,
821 2626 896 2670 mea
920 2626 1005 2682 cura,
1032 2605 1181 2688 Cupido:

237 2722 312 2786 Non
336 2743 411 2786 sum
435 2723 577 2786 materia
600 2724 719 2786 fortior
741 2723 815 2804 ipsa
839 2743 913 2785 mea
926 2745 933 2798 ;

194 2836 330 2901 Rustica
355 2837 399 2900 sit
423 2838 494 2901 sine
519 2857 573 2901 me
597 2837 713 2900 lascivi
736 2840 843 2899 mater
866 2836 1017 2900 Amoris:

239 2952 326 3016 Huic
351 2973 411 3033 ego
435 2955 576 3035 proveni
599 2954 678 3016 lena
702 2972 877 3034 comesque
902 2951 989 3028 deee;

196 3066 303 3143 Quam
326 3071 364 3130 tu
387 3088 456 3131 non
480 3070 605 3150 poteris
629 3067 711 3131 duro
736 3088 882 3131 reserare
907 3069 1079 3143 cothurno,
1198 3099 1228 3134 se

238 3183 318 3246 Haec
343 3189 393 3247 est
416 3183 590 3248 blanditiis
614 3185 717 3246 ianua
740 3185 814 3247 laxa
838 3186 940 3260 meis;

193 3300 236 3362 Et
259 3306 373 3366 tamen
398 3304 523 3365 emerui
547 3304 633 3384 plue,
660 3324 761 3385 quam
785 3306 830 3375 tu,
856 3322 953 3383 posse
979 3301 1114 3364 ferendo

240 3415 347 3480 Multa
372 3419 549 3499 supercilio
574 3439 644 3480 non
667 3418 827 3507 patiendo
850 3422 919 3480 tuo.

194 3531 257 3592 Per
280 3552 334 3594 me
357 3532 494 3614 decepto
520 3532 635 3596 didicit
661 3533 798 3596 custode
822 3532 969 3596 Corinna

239 3647 384 3710 Liminis
409 3648 557 3711 adstricti
581 3649 761 3712 sollicitare
785 3647 883 3710 fidem

195 3762 378 3844 Delabique
402 3767 476 3826 toro
500 3765 615 3826 tunica
637 3764 747 3826 velata
770 3764 880 3826 soluta

240 3861 347 3959 Atque
370 3878 582 3959 inpercussos
606 3883 703 3942 nocte
727 3899 860 3941 movere
885 3869 1017 3960 pedes(

194 3992 256 4055 Vel
280 3995 436 4075 quotiens
460 3996 587 4058 foribus
611 3995 703 4058 duris
726 3996 835 4058 incisa
858 3996 1010 4076 pependi,

239 4108 315 4173 Non
337 4111 443 4173 verita
468 4131 487 4173 a
511 4112 635 4193 populo
660 4117 880 4193 praetereunte
905 4113 969 4192 legi
982 4135 989 4187 ;

158 4231 294 4284 Ncmctty:
308 4235 335 4276 P.
352 4233 431 4276 Ovidii
445 4235 554 4277 Nasonis
569 4236 680 4277 Acriores.
697 4216 705 4232 ‘
