2896 4754
662 356 797 400 AMORUM
816 359 837 400 1.
860 355 930 401 s-ss.

323 533 411 596 Telis
437 537 506 596 erat
531 532 657 596 domita
680 533 830 596 Bacchus
856 533 1039 616 Gangetide
1063 539 1170 598 terra:

367 648 416 711 Tu
439 649 548 729 mavis
567 649 718 723 alitibus,
744 646 884 731 tigribus
908 651 965 713 ille
990 651 1063 714 fuit.

321 764 407 844 Ergo
433 784 507 827 eum
531 766 658 846 possim
684 766 768 827 sacri
791 786 868 846 pers
894 786 965 829 esse
989 766 1160 848 triumphi,

276 909 304 944 ro
366 880 465 943 Peroe
491 886 565 943 tuas
590 882 626 943 in
650 903 703 943 me
727 881 874 963 perdere,
900 883 1015 956 victor,
1041 884 1139 964 opes!

321 995 463 1078 Adspice
488 999 620 1077 cognati
644 998 755 1060 felicia
779 994 917 1061 Caesaris
943 1019 1053 1061 orme:

366 1111 439 1189 Quo
461 1113 549 1188 vicit,
575 1115 679 1174 victos
704 1114 847 1195 protegit
870 1114 927 1176 ille
951 1134 1064 1178 manu.
1105 1117 1106 1120 ’

760 1399 820 1461 III.

319 1574 411 1638 lusto
434 1598 572 1659 precor:
598 1599 668 1659 quae
693 1599 746 1640 me
771 1598 878 1658 nuper
900 1576 1047 1658 praeduta
1069 1575 1222 1656 puellrrst

363 1693 429 1756 Aut
453 1697 541 1755 amet
566 1697 621 1755 aut
646 1693 753 1768 faciet,
781 1714 838 1755 cur
862 1713 921 1773 ego
946 1712 1077 1773 semper
1100 1691 1228 1752 amem!

319 1810 354 1884 A,
381 1811 524 1873 nimium
547 1812 658 1874 volui!
681 1815 812 1874 tentum
837 1812 984 1892 patiatur
1007 1808 1130 1871 amari:

363 1925 513 1988 Audierit
536 1932 667 1988 nostres
691 1931 741 1989 tot
765 1924 926 2007 Cytherea·
949 1925 1082 2006 preces!

288 2041 446 2122 5Accipe‚
471 2061 531 2122 per
554 2043 672 2122 longos
696 2042 756 2104 tibi
780 2043 836 2123 qui
861 2041 1024 2104 deserviet
1048 2059 1163 2112 annos,

362 2157 491 2237 Accipe,
519 2158 575 2239 qui
598 2177 681 2238 pure
704 2157 795 2219 norit
819 2177 929 2218 amare
960 2155 1044 2218 fide!

320 2273 354 2333 Si
378 2293 430 2335 me
455 2294 525 2337 non
549 2277 698 2336 veterum
723 2273 958 2335 commendant
981 2289 1103 2350 magno
1126 2273 1303 2348 parentum

346 2390 515 2464 Nomina,
543 2390 570 2450 si
595 2389 700 2451 nostri
726 2389 899 2469 sanguinis
925 2393 1039 2475 auctor
1062 2405 1170 2468 eques,

317 2505 382 2566 Nec
406 2525 500 2566 meus
523 2505 710 2566 innumeris
725 2509 912 2576 >renovetur
937 2523 1072 2584 campus
1097 2503 1224 2575 11111111,

272 2649 300 2686 10
362 2621 539 2701 Temperat.
559 2624 591 2682 et
616 2623 767 2700 sumptus
791 2640 909 2700 parcus
933 2624 1070 2700 uterque
1095 2638 1233 2699 parens:

316 2736 358 2797 At
380 2735 525 2798 Phoebus
549 2736 750 2816 comitesque
775 2754 895 2797 novem
918 2735 1060 2816 vitisque
1084 2736 1230 2814 repertor

359 2852 448 2915 Hinc
472 2853 607 2928 faciunt,
634 2856 668 2914 at
690 2873 743 2914 me
769 2853 824 2934 qui
847 2852 909 2914 tibi
934 2851 1044 2926 donat,
1070 2851 1181 2924 Amor,
1229 2856 1232 2866 ²
1261 2907 1263 2911 ,

315 2972 356 3033 Et
380 2971 466 3033 nulli
491 2991 623 3034 cessuro
645 2969 736 3044 fides,
763 2970 834 3032 sinc
859 2969 997 3032 crimine
1021 2987 1130 3031 moros

358 3086 517 3168 Nudaque
543 3086 737 3166 simplicitas
762 3105 1012 3166 purpureusque
1036 3083 1152 3164 pudor.

269 3231 296 3266 15
314 3201 389 3263 Non
413 3201 497 3262 mihi
521 3202 613 3263 mille
637 3202 779 3282 placent,
805 3222 874 3263 non
899 3221 973 3263 sum
998 3200 1145 3262 desultor
1168 3196 1311 3260 amoris:

276 3323 277 3328 ’
359 3316 407 3377 Tu
429 3316 522 3390 mihi,
549 3317 644 3397 siquo
666 3316 756 3391 fides,
783 3338 861 3379 cure
883 3317 1040 3397 perennis
1064 3315 1147 3388 eris;

314 3431 442 3506 Tecum,
470 3451 551 3513 quos
577 3431 728 3495 dederint
752 3453 858 3495 annos
881 3433 966 3495 mihi
988 3431 1045 3494 file
1069 3449 1229 3502 sororum,

357 3546 474 3608 Vivere
499 3548 670 3627 contingat
701 3552 798 3629 teque
823 3548 956 3611 dolente
980 3549 1083 3623 mori3

314 3663 356 3723 Te
380 3663 464 3724 mihi
488 3663 661 3724 materiem
686 3664 816 3726 felicem
841 3665 876 3726 in
901 3665 1049 3727 carmine
1072 3663 1200 3745 praebe:

267 3805 295 3842 1ο
357 3776 558 3840 Provenient
581 3798 681 3840 cause
706 3781 854 3843 carmina
879 3781 979 3862 digno
1003 3803 1071 3844 suc.

312 3889 466 3953 Carmine
490 3913 616 3955 nornen
639 3895 763 3957 hebent
788 3872 943 3960 exterrito
967 3898 1121 3961 cornibus
1153 3895 1190 3957 Io

355 4007 397 4068 Et
421 4027 520 4089 quam
544 4007 703 4072 fluminea
726 4011 807 4074 lusit
832 4012 1042 4076 adulterare

313 4121 456 4203 Quosque
482 4143 580 4204 super
603 4129 744 4205 pontum
770 4126 926 4191 simulato
952 4134 1044 4192 vecta
1069 4132 1207 4196 iuvenco
