2896 4754
586 350 720 393 AMORUM
739 351 775 394 11.
798 348 904 396 17-18.

312 527 389 592 Non
414 527 477 588 erit
501 527 555 588 hio
579 526 676 588 nobis
700 526 896 590 infitiandus
921 548 1022 591 amor.

272 639 356 705 Sunt
379 641 464 704 mihi
487 662 548 722 pro
572 659 694 721 magno
719 641 829 704 felicia
853 643 1002 705 carmina
1026 662 1136 711 censu.

315 759 358 821 Et
381 759 495 821 multae
520 779 579 839 per
602 778 656 820 me
679 778 805 821 nomen
829 758 951 821 habere
974 758 1113 834 volunt3

270 874 355 937 Novi
379 873 536 954 aliquam,
563 894 634 955 quae
659 893 693 936 se
718 874 929 936 circumferat
952 893 1023 936 esse
1048 871 1251 936 Corinnam:

238 1020 269 1057 30
316 990 362 1054 Ut
383 988 451 1066 fiat,
477 991 556 1072 quid
580 1011 650 1053 non
673 989 733 1053 illa
757 989 886 1053 dedisse
911 989 1016 1053 velit?

272 1104 336 1169 Sed
359 1126 467 1188 nequo
492 1105 613 1168 diversi
637 1107 711 1187 ripa
733 1106 890 1169 labentur
913 1106 1028 1170 eadem

315 1221 471 1303 Frigidus
495 1222 637 1285 Eurotas
661 1223 893 1304 populiferque
916 1222 1034 1298 Padus,

269 1340 335 1401 Nec
359 1340 426 1402 nisi
450 1344 487 1402 tu
511 1339 635 1402 nostris
660 1340 850 1403 cantabitur
872 1339 942 1402 ulla
965 1338 1107 1402 libellis:

314 1453 454 1535 Ingenio
480 1474 596 1517 causas
621 1456 658 1516 tu
681 1454 775 1517 dabis
798 1475 868 1517 una
890 1474 975 1517 meo.

681 1739 799 1802 XVIII.

270 1915 412 1980 Carmen
436 1917 479 1979 ad
501 1918 625 1980 iratum
650 1917 729 1980 dum
752 1921 789 1980 tu
813 1916 965 1999 perducis
988 1919 1143 1981 Achillen

313 2031 489 2113 Primaque
513 2033 631 2095 iuratis
655 2030 768 2094 induis
792 2052 885 2095 arma
907 2033 998 2107 viris,

267 2148 346 2222 Nos,
370 2147 489 2223 Macer,
516 2148 638 2227 ignava
661 2147 800 2210 Veneris
824 2167 993 2211 cessamus
1016 2149 1054 2210 in
1077 2149 1205 2225 umbra,

315 2263 358 2325 Et
381 2267 477 2325 tener
501 2282 641 2326 ausuros
666 2264 807 2343 grandia
831 2265 955 2344 frangit
977 2265 1089 2328 Amor.

234 2379 360 2462 eSaepe
384 2401 465 2443 meae
494 2380 665 2443 «tandem»
695 2380 762 2443 dixi
790 2379 958 2443 «discede»
986 2380 1125 2461 puellae:

315 2498 356 2560 In
379 2497 507 2578 gremio
532 2496 618 2560 sedit
641 2499 795 2578 protinus
819 2497 879 2560 illa
901 2516 997 2573 me0;
1119 2491 1125 2504 ⁶

270 2612 362 2695 Saepe
391 2582 528 2695 «pudeii
558 2614 643 2676 dixi:
668 2613 814 2676 lacrimis
838 2614 893 2697 vix
915 2613 975 2675 illa
998 2613 1136 2676 retentis

319 2729 391 2792 «Mo
416 2731 583 2805 miseram,
609 2731 678 2792 iam
702 2734 753 2792 te»
781 2730 864 2793 dixit
892 2749 1023 2792 «amare
1046 2728 1191 2810 pudetn

270 2846 494 2933 Inplicuitque
519 2866 597 2909 suos
622 2846 745 2908 circum
768 2866 843 2908 mea
867 2845 954 2907 colla
977 2846 1118 2908 lacertos

222 2989 253 3027 10
313 2936 365 3035 Et,
392 2980 463 3042 quae
487 2981 540 3022 me
564 2960 718 3040 perdunt,
745 2961 858 3023 oscula
880 2959 972 3022 mille
996 2959 1096 3022 dedit.

270 3076 400 3150 Vincor‚
420 3080 453 3139 et
476 3075 649 3156 ingenium
673 3077 815 3157 sumptis
840 3079 1013 3139 revocatur
1036 3075 1077 3138 ab
1101 3080 1212 3150 armis,

175 3218 198 3287 a
313 3192 444 3273 Resque
469 3192 558 3255 dorni
582 3197 692 3273 gestas
718 3197 750 3255 et
773 3213 849 3255 mea
871 3192 958 3256 bella
982 3212 1074 3254 cane.

272 3306 408 3389 Sceptra
431 3313 546 3370 tamen
570 3308 707 3389 sumpsi,
726 3328 869 3388 curaque
893 3306 1054 3387 tragoedia
1076 3310 1193 3370 nostra

318 3420 436 3499 Crevit,
463 3428 495 3486 et
519 3424 597 3486 huic
622 3424 714 3504 operi
738 3422 921 3505 quamlibet
945 3427 1042 3503 aptus
1067 3443 1177 3486 eram:

224 3569 253 3604 15
270 3539 358 3602 Risit
380 3541 484 3602 Amor
506 3540 695 3621 pallamque
719 3560 828 3602 meam
853 3539 1024 3620 pictosque
1049 3535 1230 3602 cothurnos

316 3653 516 3737 Sceptraque
540 3656 670 3737 privata
693 3659 764 3718 tam
787 3656 853 3717 cito
879 3657 1012 3735 sumpta
1035 3675 1157 3730 manu;

270 3768 358 3834 Hinc
383 3790 512 3851 quoque
535 3790 587 3832 me
613 3770 756 3833 dominae
780 3790 906 3832 numen
930 3769 1064 3832 deduxit
1086 3769 1219 3852 iniquae,

313 3885 428 3966 Deque
452 3887 650 3949 cothurnato
674 3891 750 3949 vate
775 3886 961 3966 triumphat
982 3886 1093 3948 Amor.

270 4001 364 4080 Quod
388 4003 475 4078 licet,
502 4007 559 4065 1111
584 4007 671 4065 artes
695 4002 802 4065 teneri
826 4000 1020 4082 profitemur
1042 4000 1185 4075 Amoris,

221 4145 253 4182 ιο
314 4117 364 4194 (Ε1
388 4119 491 4183 mihi!
517 4119 689 4200 praeceptis
714 4137 833 4198 urgeor
856 4118 928 4198 ipse
951 4117 1047 4194 meis)
