<?xml version="1.0" encoding="UTF-8"?>
<!DOCTYPE html PUBLIC "-//W3C//DTD XHTML 1.0 Transitional//EN"
    "http://www.w3.org/TR/xhtml1/DTD/xhtml1-transitional.dtd">
<html xmlns="http://www.w3.org/1999/xhtml" xml:lang="en" lang="en">
 <head>
  <title>
</title>
<meta http-equiv="Content-Type" content="text/html;charset=utf-8" />
  <meta name='ocr-system' content='tesseract 3.04.00' />
  <meta name='ocr-capabilities' content='ocr_page ocr_carea ocr_par ocr_line ocrx_word'/>
</head>
<body>
  <div class='ocr_page' id='page_1' title='image "./povidiinasonisa01ovidgoog_0197.png"; bbox 0 0 2896 4754; ppageno 0'>
   <div class='ocr_carea' id='block_1_1' title="bbox 161 337 856 416">
    <p class='ocr_par' dir='ltr' id='par_1_1' title="bbox 161 337 856 416">
     <span class='ocr_line' id='line_1_1' title="bbox 161 337 856 416; baseline 0.004 -16"><span class='ocrx_word' id='word_1_1' title='bbox 161 337 211 387; x_wconf 80' lang='grc'><strong>190</strong></span> <span class='ocrx_word' id='word_1_2' title='bbox 594 355 636 399; x_wconf 76' lang='lat' dir='ltr'><strong>an</strong></span> <span class='ocrx_word' id='word_1_3' title='bbox 653 357 689 402; x_wconf 92' lang='lat'><strong>11.</strong></span> <span class='ocrx_word' id='word_1_4' title='bbox 708 354 749 416; x_wconf 90' lang='lat'><strong>11,</strong></span> <span class='ocrx_word' id='word_1_5' title='bbox 767 354 856 403; x_wconf 81' lang='lat'><strong>5-10.</strong></span> 
     </span>
    </p>
   </div>
   <div class='ocr_carea' id='block_1_2' title="bbox 156 531 1294 2314">
    <p class='ocr_par' dir='ltr' id='par_1_2' title="bbox 156 531 1294 2314">
     <span class='ocr_line' id='line_1_2' title="bbox 163 531 1294 608; baseline -0.001 -19"><span class='ocrx_word' id='word_1_6' title='bbox 163 533 206 600; x_wconf 76' lang='lat'><strong>15,</strong></span> <span class='ocrx_word' id='word_1_7' title='bbox 231 533 278 592; x_wconf 69' lang='lat'><strong>21:</strong></span> <span class='ocrx_word' id='word_1_8' title='bbox 305 533 517 608; x_wconf 78' lang='lat' dir='ltr'>«primamque</span> <span class='ocrx_word' id='word_1_9' title='bbox 539 535 665 591; x_wconf 83' lang='lat' dir='ltr'><strong>ratem.»</strong></span> <span class='ocrx_word' id='word_1_10' title='bbox 691 568 695 572; x_wconf 95' lang='lat'>-</span> <span class='ocrx_word' id='word_1_11' title='bbox 727 533 853 592; x_wconf 79' lang='lat' dir='ltr'><strong>-malcs</strong></span> <span class='ocrx_word' id='word_1_12' title='bbox 868 579 874 592; x_wconf 90' lang='lat'>.</span> <span class='ocrx_word' id='word_1_13' title='bbox 892 580 898 592; x_wconf 90' lang='lat'>.</span> <span class='ocrx_word' id='word_1_14' title='bbox 915 579 922 592; x_wconf 91' lang='lat'><strong>.</strong></span> <span class='ocrx_word' id='word_1_15' title='bbox 937 534 1014 605; x_wconf 76' lang='lat' dir='ltr'><strong>cius,</strong></span> <span class='ocrx_word' id='word_1_16' title='bbox 1038 534 1197 600; x_wconf 86' lang='lat' dir='ltr'><strong>scelestas,</strong></span> <span class='ocrx_word' id='word_1_17' title='bbox 1224 531 1294 605; x_wconf 86' lang='lat' dir='ltr'><strong>quia</strong></span> 
     </span>
     <span class='ocr_line' id='line_1_3' title="bbox 159 638 1292 715; baseline -0.001 -19"><span class='ocrx_word' id='word_1_18' title='bbox 159 639 253 698; x_wconf 90' lang='lat' dir='ltr'><strong>homo</strong></span> <span class='ocrx_word' id='word_1_19' title='bbox 275 640 424 713; x_wconf 85' lang='lat' dir='ltr'><strong>navigans</strong></span> <span class='ocrx_word' id='word_1_20' title='bbox 447 639 575 698; x_wconf 86' lang='lat' dir='ltr'><strong>audacia</strong></span> <span class='ocrx_word' id='word_1_21' title='bbox 596 658 651 697; x_wconf 92' lang='lat' dir='ltr'><strong>sua</strong></span> <span class='ocrx_word' id='word_1_22' title='bbox 673 642 703 698; x_wconf 89' lang='lat' dir='ltr'><strong>et</strong></span> <span class='ocrx_word' id='word_1_23' title='bbox 724 639 866 714; x_wconf 87' lang='lat' dir='ltr'><strong>superbia</strong></span> <span class='ocrx_word' id='word_1_24' title='bbox 879 641 1028 715; x_wconf 88' lang='lat' dir='ltr'><strong>provocat</strong></span> <span class='ocrx_word' id='word_1_25' title='bbox 1041 640 1126 697; x_wconf 90' lang='lat' dir='ltr'><strong>iram</strong></span> <span class='ocrx_word' id='word_1_26' title='bbox 1142 638 1292 706; x_wconf 89' lang='lat' dir='ltr'><strong>deorum;</strong></span> 
     </span>
     <span class='ocr_line' id='line_1_4' title="bbox 158 743 1293 821; baseline -0.002 -17"><span class='ocrx_word' id='word_1_27' title='bbox 158 746 196 805; x_wconf 82' lang='lat' dir='ltr'><strong>ci.</strong></span> <span class='ocrx_word' id='word_1_28' title='bbox 218 745 293 804; x_wconf 89' lang='lat' dir='ltr'><strong>Hor.</strong></span> <span class='ocrx_word' id='word_1_29' title='bbox 318 744 418 804; x_wconf 84' lang='lat' dir='ltr'><strong>Garm.</strong></span> <span class='ocrx_word' id='word_1_30' title='bbox 438 745 462 803; x_wconf 94' lang='grc' dir='ltr'><strong>Ι.</strong></span> <span class='ocrx_word' id='word_1_31' title='bbox 485 745 512 814; x_wconf 70' lang='lat' dir='ltr'><strong>b,</strong></span> <span class='ocrx_word' id='word_1_32' title='bbox 535 746 592 805; x_wconf 70' lang='lat' dir='ltr'><strong>rl-</strong></span> <span class='ocrx_word' id='word_1_33' title='bbox 616 746 672 805; x_wconf 72' lang='lat'><strong>26:</strong></span> <span class='ocrx_word' id='word_1_34' title='bbox 706 745 914 821; x_wconf 74' lang='lat' dir='ltr'>«Nequiquam</span> <span class='ocrx_word' id='word_1_35' title='bbox 945 745 1018 804; x_wconf 88' lang='lat' dir='ltr'><strong>deus</strong></span> <span class='ocrx_word' id='word_1_36' title='bbox 1051 743 1188 803; x_wconf 74' lang='lat' dir='ltr'><strong>abscidit</strong></span> <span class='ocrx_word' id='word_1_37' title='bbox 1220 743 1293 802; x_wconf 88' lang='lat' dir='ltr'><strong>Pru·</strong></span> 
     </span>
     <span class='ocr_line' id='line_1_5' title="bbox 157 849 1293 928; baseline -0.001 -19"><span class='ocrx_word' id='word_1_38' title='bbox 157 852 234 910; x_wconf 92' lang='lat' dir='ltr'><strong>dens</strong></span> <span class='ocrx_word' id='word_1_39' title='bbox 256 851 379 910; x_wconf 79' lang='lat' dir='ltr'><strong>Oceano</strong></span> <span class='ocrx_word' id='word_1_40' title='bbox 401 850 589 911; x_wconf 80' lang='lat' dir='ltr'><strong>dissociabili</strong></span> <span class='ocrx_word' id='word_1_41' title='bbox 610 851 728 921; x_wconf 83' lang='lat' dir='ltr'><strong>Terras,</strong></span> <span class='ocrx_word' id='word_1_42' title='bbox 752 852 779 910; x_wconf 91' lang='lat' dir='ltr'><strong>si</strong></span> <span class='ocrx_word' id='word_1_43' title='bbox 800 854 905 911; x_wconf 89' lang='lat' dir='ltr'><strong>tamen</strong></span> <span class='ocrx_word' id='word_1_44' title='bbox 919 854 1029 928; x_wconf 84' lang='lat' dir='ltr'><strong>impioe</strong></span> <span class='ocrx_word' id='word_1_45' title='bbox 1043 851 1117 911; x_wconf 90' lang='lat' dir='ltr'><strong>Non</strong></span> <span class='ocrx_word' id='word_1_46' title='bbox 1132 849 1293 925; x_wconf 85' lang='lat' dir='ltr'><strong>tangenda</strong></span> 
     </span>
     <span class='ocr_line' id='line_1_6' title="bbox 159 956 1294 1034; baseline -0.002 -18"><span class='ocrx_word' id='word_1_47' title='bbox 159 967 241 1018; x_wconf 76' lang='lat' dir='ltr'><strong>retes</strong></span> <span class='ocrx_word' id='word_1_48' title='bbox 261 958 445 1017; x_wconf 86' lang='lat' dir='ltr'><strong>transiliunt</strong></span> <span class='ocrx_word' id='word_1_49' title='bbox 464 958 551 1017; x_wconf 86' lang='lat' dir='ltr'><strong>vada.</strong></span> <span class='ocrx_word' id='word_1_50' title='bbox 574 956 682 1017; x_wconf 81' lang='lat' dir='ltr'>Audax</span> <span class='ocrx_word' id='word_1_51' title='bbox 704 958 811 1016; x_wconf 88' lang='lat' dir='ltr'><strong>omnia</strong></span> <span class='ocrx_word' id='word_1_52' title='bbox 831 959 951 1034; x_wconf 86' lang='lat' dir='ltr'><strong>perpeti</strong></span> <span class='ocrx_word' id='word_1_53' title='bbox 973 957 1055 1017; x_wconf 87' lang='lat' dir='ltr'><strong>Gens</strong></span> <span class='ocrx_word' id='word_1_54' title='bbox 1070 957 1219 1016; x_wconf 85' lang='lat' dir='ltr'><strong>humana</strong></span> <span class='ocrx_word' id='word_1_55' title='bbox 1233 958 1294 1014; x_wconf 91' lang='lat' dir='ltr'><strong>ruit</strong></span> 
     </span>
     <span class='ocr_line' id='line_1_7' title="bbox 159 1050 1293 1141; baseline 0 -19"><span class='ocrx_word' id='word_1_56' title='bbox 159 1085 214 1140; x_wconf 88' lang='lat' dir='ltr'><strong>per</strong></span> <span class='ocrx_word' id='word_1_57' title='bbox 234 1067 364 1123; x_wconf 80' lang='lat' dir='ltr'><strong>uetitum</strong></span> <span class='ocrx_word' id='word_1_58' title='bbox 384 1050 499 1141; x_wconf 70' lang='lat' dir='ltr'><strong>nefas.»</strong></span> <span class='ocrx_word' id='word_1_59' title='bbox 547 1066 693 1136; x_wconf 81' lang='lat' dir='ltr'><strong>-dceuit,</strong></span> <span class='ocrx_word' id='word_1_60' title='bbox 715 1064 838 1139; x_wconf 90' lang='lat' dir='ltr'><strong>supple:</strong></span> <span class='ocrx_word' id='word_1_61' title='bbox 864 1063 1020 1134; x_wconf 89' lang='lat' dir='ltr'><strong>homines;</strong></span> <span class='ocrx_word' id='word_1_62' title='bbox 1046 1064 1158 1123; x_wconf 87' lang='lat' dir='ltr'><strong>eadem</strong></span> <span class='ocrx_word' id='word_1_63' title='bbox 1173 1064 1293 1139; x_wconf 84' lang='lat' dir='ltr'><strong>ellipsis</strong></span> 
     </span>
     <span class='ocr_line' id='line_1_8' title="bbox 159 1169 1291 1245; baseline 0 -17"><span class='ocrx_word' id='word_1_64' title='bbox 159 1171 240 1228; x_wconf 85' lang='lat' dir='ltr'><strong>inira</strong></span> <span class='ocrx_word' id='word_1_65' title='bbox 269 1170 324 1228; x_wconf 89' lang='grc' dir='ltr'><strong>ΙΠ.</strong></span> <span class='ocrx_word' id='word_1_66' title='bbox 350 1171 394 1239; x_wconf 86' lang='grc'><strong>10,</strong></span> <span class='ocrx_word' id='word_1_67' title='bbox 422 1172 470 1230; x_wconf 89' lang='lat' dir='ltr'><strong>ll:</strong></span> <span class='ocrx_word' id='word_1_68' title='bbox 507 1169 626 1228; x_wconf 76' lang='lat' dir='ltr'><strong>«Prima</strong></span> <span class='ocrx_word' id='word_1_69' title='bbox 656 1171 747 1231; x_wconf 86' lang='lat' dir='ltr'><strong>Ceres</strong></span> <span class='ocrx_word' id='word_1_70' title='bbox 778 1170 883 1230; x_wconf 89' lang='lat' dir='ltr'><strong>docuit</strong></span> <span class='ocrx_word' id='word_1_71' title='bbox 911 1173 1084 1245; x_wconf 87' lang='lat' dir='ltr'><strong>turgescere</strong></span> <span class='ocrx_word' id='word_1_72' title='bbox 1118 1188 1231 1229; x_wconf 89' lang='lat' dir='ltr'><strong>semen</strong></span> <span class='ocrx_word' id='word_1_73' title='bbox 1260 1170 1291 1228; x_wconf 91' lang='lat' dir='ltr'><strong>in</strong></span> 
     </span>
     <span class='ocr_line' id='line_1_9' title="bbox 157 1277 1291 1352; baseline 0.001 -17"><span class='ocrx_word' id='word_1_74' title='bbox 157 1277 266 1352; x_wconf 75' lang='lat' dir='ltr'><strong>agris.»</strong></span> <span class='ocrx_word' id='word_1_75' title='bbox 352 1278 474 1337; x_wconf 80' lang='lat' dir='ltr'><strong>Peliaco</strong></span> <span class='ocrx_word' id='word_1_76' title='bbox 493 1279 592 1352; x_wconf 74' lang='lat' dir='ltr'><strong>pirrus</strong></span> <span class='ocrx_word' id='word_1_77' title='bbox 613 1280 725 1338; x_wconf 75' lang='lat' dir='ltr'><strong>uertice</strong></span> <span class='ocrx_word' id='word_1_78' title='bbox 747 1297 836 1347; x_wconf 83' lang='lat' dir='ltr'><strong>eoesa,</strong></span> <span class='ocrx_word' id='word_1_79' title='bbox 859 1297 897 1336; x_wconf 80' lang='lat' dir='ltr'><strong>ex</strong></span> <span class='ocrx_word' id='word_1_80' title='bbox 912 1277 1019 1337; x_wconf 84' lang='lat' dir='ltr'><strong>Catull.</strong></span> <span class='ocrx_word' id='word_1_81' title='bbox 1036 1279 1083 1346; x_wconf 77' lang='lat' dir='ltr'><strong>cl,</strong></span> <span class='ocrx_word' id='word_1_82' title='bbox 1105 1277 1130 1336; x_wconf 90' lang='lat' dir='ltr'><strong>l:</strong></span> <span class='ocrx_word' id='word_1_83' title='bbox 1151 1277 1291 1336; x_wconf 74' lang='lat' dir='ltr'><strong>«Peliaco</strong></span> 
     </span>
     <span class='ocr_line' id='line_1_10' title="bbox 158 1383 1291 1460; baseline 0.001 -18"><span class='ocrx_word' id='word_1_84' title='bbox 158 1384 315 1459; x_wconf 87' lang='lat' dir='ltr'><strong>quondam</strong></span> <span class='ocrx_word' id='word_1_85' title='bbox 346 1389 503 1460; x_wconf 87' lang='lat' dir='ltr'><strong>prognatae</strong></span> <span class='ocrx_word' id='word_1_86' title='bbox 534 1384 646 1443; x_wconf 90' lang='lat' dir='ltr'><strong>vertice</strong></span> <span class='ocrx_word' id='word_1_87' title='bbox 677 1385 797 1460; x_wconf 78' lang='lat' dir='ltr'><strong>pinus.»</strong></span> <span class='ocrx_word' id='word_1_88' title='bbox 832 1384 877 1445; x_wconf 86' lang='lat' dir='ltr'><strong>cf.</strong></span> <span class='ocrx_word' id='word_1_89' title='bbox 909 1384 961 1444; x_wconf 87' lang='lat' dir='ltr'><strong>Ov.</strong></span> <span class='ocrx_word' id='word_1_90' title='bbox 992 1383 1065 1446; x_wconf 91' lang='lat' dir='ltr'><strong>Her.</strong></span> <span class='ocrx_word' id='word_1_91' title='bbox 1091 1383 1136 1454; x_wconf 67' lang='lat'><strong>12,</strong></span> <span class='ocrx_word' id='word_1_92' title='bbox 1171 1384 1291 1443; x_wconf 82' lang='lat'>9-10:</span> 
     </span>
     <span class='ocr_line' id='line_1_11' title="bbox 164 1490 1292 1567; baseline 0.001 -20"><span class='ocrx_word' id='word_1_93' title='bbox 164 1512 234 1550; x_wconf 66' lang='lat' dir='ltr'><strong>leur</strong></span> <span class='ocrx_word' id='word_1_94' title='bbox 253 1510 401 1567; x_wconf 89' lang='lat' dir='ltr'>umquam</span> <span class='ocrx_word' id='word_1_95' title='bbox 422 1491 614 1550; x_wconf 70' lang='lat' dir='ltr'><strong>iuuenalibus</strong></span> <span class='ocrx_word' id='word_1_96' title='bbox 637 1494 704 1549; x_wconf 85' lang='lat' dir='ltr'><strong>acta</strong></span> <span class='ocrx_word' id='word_1_97' title='bbox 735 1492 858 1551; x_wconf 86' lang='lat' dir='ltr'><strong>lacertis</strong></span> <span class='ocrx_word' id='word_1_98' title='bbox 879 1490 1046 1549; x_wconf 81' lang='lat' dir='ltr'><strong>Phrixeam</strong></span> <span class='ocrx_word' id='word_1_99' title='bbox 1073 1492 1169 1566; x_wconf 90' lang='lat' dir='ltr'><strong>petiit</strong></span> <span class='ocrx_word' id='word_1_100' title='bbox 1191 1491 1292 1550; x_wconf 88' lang='lat' dir='ltr'><strong>Pelias</strong></span> 
     </span>
     <span class='ocr_line' id='line_1_12' title="bbox 158 1597 1291 1670; baseline -0.001 -13"><span class='ocrx_word' id='word_1_101' title='bbox 158 1599 251 1658; x_wconf 83' lang='lat' dir='ltr'><strong>arbor</strong></span> <span class='ocrx_word' id='word_1_102' title='bbox 271 1603 398 1659; x_wconf 67' lang='lat' dir='ltr'><strong>creme»</strong></span> <span class='ocrx_word' id='word_1_103' title='bbox 423 1634 428 1640; x_wconf 88' lang='lat'><strong>·</strong></span> <span class='ocrx_word' id='word_1_104' title='bbox 449 1635 463 1638; x_wconf 95' lang='lat'><strong>--</strong></span> <span class='ocrx_word' id='word_1_105' title='bbox 485 1600 608 1658; x_wconf 82' lang='lat' dir='ltr'><strong>Peliaco</strong></span> <span class='ocrx_word' id='word_1_106' title='bbox 624 1644 630 1657; x_wconf 89' lang='lat'><strong>.</strong></span> <span class='ocrx_word' id='word_1_107' title='bbox 648 1645 653 1658; x_wconf 93' lang='lat'>.</span> <span class='ocrx_word' id='word_1_108' title='bbox 671 1645 677 1658; x_wconf 88' lang='lat'><strong>.</strong></span> <span class='ocrx_word' id='word_1_109' title='bbox 694 1599 815 1670; x_wconf 81' lang='lat' dir='ltr'><strong>uertice,</strong></span> <span class='ocrx_word' id='word_1_110' title='bbox 836 1597 871 1656; x_wconf 93' lang='lat' dir='ltr'><strong>in</strong></span> <span class='ocrx_word' id='word_1_111' title='bbox 891 1601 997 1657; x_wconf 91' lang='lat' dir='ltr'><strong>monte</strong></span> <span class='ocrx_word' id='word_1_112' title='bbox 1018 1597 1113 1666; x_wconf 89' lang='lat' dir='ltr'><strong>Pelio,</strong></span> <span class='ocrx_word' id='word_1_113' title='bbox 1135 1599 1175 1656; x_wconf 89' lang='lat' dir='ltr'><strong>in</strong></span> <span class='ocrx_word' id='word_1_114' title='bbox 1198 1597 1291 1656; x_wconf 83' lang='lat' dir='ltr'><strong>Thes·</strong></span> 
     </span>
     <span class='ocr_line' id='line_1_13' title="bbox 158 1703 1293 1780; baseline 0 -17"><span class='ocrx_word' id='word_1_115' title='bbox 158 1706 255 1776; x_wconf 87' lang='lat' dir='ltr'><strong>salia;</strong></span> <span class='ocrx_word' id='word_1_116' title='bbox 278 1706 462 1780; x_wconf 74' lang='lat' dir='ltr'><strong>Argonautas</strong></span> <span class='ocrx_word' id='word_1_117' title='bbox 484 1706 569 1762; x_wconf 92' lang='lat' dir='ltr'><strong>enim</strong></span> <span class='ocrx_word' id='word_1_118' title='bbox 583 1704 715 1779; x_wconf 87' lang='lat' dir='ltr'><strong>profecti</strong></span> <span class='ocrx_word' id='word_1_119' title='bbox 730 1707 803 1762; x_wconf 92' lang='lat' dir='ltr'><strong>sunt</strong></span> <span class='ocrx_word' id='word_1_120' title='bbox 818 1723 854 1762; x_wconf 80' lang='lat' dir='ltr'><strong>ex</strong></span> <span class='ocrx_word' id='word_1_121' title='bbox 869 1703 943 1762; x_wconf 87' lang='lat' dir='ltr'><strong>urbe</strong></span> <span class='ocrx_word' id='word_1_122' title='bbox 958 1703 1125 1763; x_wconf 83' lang='lat' dir='ltr'><strong>Thessaliae</strong></span> <span class='ocrx_word' id='word_1_123' title='bbox 1139 1704 1240 1763; x_wconf 90' lang='lat' dir='ltr'><strong>Iolco.</strong></span> <span class='ocrx_word' id='word_1_124' title='bbox 1256 1741 1270 1744; x_wconf 96' lang='lat'><strong>--</strong></span> <span class='ocrx_word' id='word_1_125' title='bbox 1286 1739 1293 1744; x_wconf 91' lang='lat'>-</span> 
     </span>
     <span class='ocr_line' id='line_1_14' title="bbox 156 1810 1293 1887; baseline 0 -20"><span class='ocrx_word' id='word_1_126' title='bbox 156 1815 264 1887; x_wconf 76' lang='lat' dir='ltr'><strong>picae,</strong></span> <span class='ocrx_word' id='word_1_127' title='bbox 287 1830 324 1869; x_wconf 81' lang='lat' dir='ltr'><strong>ex</strong></span> <span class='ocrx_word' id='word_1_128' title='bbox 347 1830 406 1886; x_wconf 95' lang='lat' dir='ltr'><strong>qua</strong></span> <span class='ocrx_word' id='word_1_129' title='bbox 427 1812 514 1869; x_wconf 88' lang='lat' dir='ltr'><strong>navis</strong></span> <span class='ocrx_word' id='word_1_130' title='bbox 537 1811 617 1869; x_wconf 86' lang='lat' dir='ltr'><strong>facta</strong></span> <span class='ocrx_word' id='word_1_131' title='bbox 638 1814 702 1880; x_wconf 83' lang='lat' dir='ltr'><strong>est3</strong></span> <span class='ocrx_word' id='word_1_132' title='bbox 725 1811 763 1869; x_wconf 86' lang='lat' dir='ltr'><strong>cl.</strong></span> <span class='ocrx_word' id='word_1_133' title='bbox 786 1829 880 1886; x_wconf 87' lang='lat' dir='ltr'><strong>supra</strong></span> <span class='ocrx_word' id='word_1_134' title='bbox 900 1810 939 1868; x_wconf 68' lang='lat' dir='ltr'><strong>H„</strong></span> <span class='ocrx_word' id='word_1_135' title='bbox 963 1813 991 1879; x_wconf 86' lang='lat'><strong>9‚·</strong></span> <span class='ocrx_word' id='word_1_136' title='bbox 1013 1810 1061 1868; x_wconf 67' lang='lat' dir='ltr'><strong>el:</strong></span> <span class='ocrx_word' id='word_1_137' title='bbox 1089 1811 1237 1885; x_wconf 71' lang='lat' dir='ltr'><strong>«pinum»</strong></span> <span class='ocrx_word' id='word_1_138' title='bbox 1263 1814 1293 1868; x_wconf 87' lang='lat' dir='ltr'><strong>et</strong></span> 
     </span>
     <span class='ocr_line' id='line_1_15' title="bbox 160 1914 1294 1995; baseline 0.001 -20"><span class='ocrx_word' id='word_1_139' title='bbox 160 1919 229 1976; x_wconf 88' lang='lat' dir='ltr'><strong>adn.</strong></span> <span class='ocrx_word' id='word_1_140' title='bbox 253 1917 290 1975; x_wconf 88' lang='lat' dir='ltr'><strong>sd</strong></span> <span class='ocrx_word' id='word_1_141' title='bbox 312 1917 341 1976; x_wconf 88' lang='lat' dir='ltr'><strong>h.</strong></span> <span class='ocrx_word' id='word_1_142' title='bbox 365 1917 417 1976; x_wconf 84' lang='lat' dir='ltr'><strong>l.-</strong></span> <span class='ocrx_word' id='word_1_143' title='bbox 467 1919 682 1976; x_wconf 74' lang='lat' dir='ltr'><strong>corrourrectis</strong></span> <span class='ocrx_word' id='word_1_144' title='bbox 703 1919 807 1977; x_wconf 76' lang='lat' dir='ltr'><strong>iuter.</strong></span> <span class='ocrx_word' id='word_1_145' title='bbox 825 1964 831 1976; x_wconf 90' lang='lat'>.</span> <span class='ocrx_word' id='word_1_146' title='bbox 848 1964 854 1976; x_wconf 90' lang='lat'>.</span> <span class='ocrx_word' id='word_1_147' title='bbox 872 1924 986 1986; x_wconf 79' lang='lat' dir='ltr'><strong>cautes,</strong></span> <span class='ocrx_word' id='word_1_148' title='bbox 1015 1914 1143 1976; x_wconf 81' lang='grc' dir='ltr'><em>κυανέαι</em></span> <span class='ocrx_word' id='word_1_149' title='bbox 1176 1915 1294 1995; x_wconf 78' lang='grc' dir='ltr'><em>πέτραι</em></span> 
     </span>
     <span class='ocr_line' id='line_1_16' title="bbox 159 2022 1293 2100; baseline -0.001 -19"><span class='ocrx_word' id='word_1_150' title='bbox 159 2027 223 2083; x_wconf 82' lang='lat' dir='ltr'><strong>sive</strong></span> <span class='ocrx_word' id='word_1_151' title='bbox 253 2023 472 2100; x_wconf 85' lang='lat' dir='ltr'><strong>Symplegades</strong></span> <span class='ocrx_word' id='word_1_152' title='bbox 504 2024 543 2083; x_wconf 88' lang='lat' dir='ltr'><strong>ad</strong></span> <span class='ocrx_word' id='word_1_153' title='bbox 574 2025 749 2100; x_wconf 87' lang='lat' dir='ltr'>Bosporum</span> <span class='ocrx_word' id='word_1_154' title='bbox 780 2025 954 2092; x_wconf 81' lang='lat' dir='ltr'><strong>Thracium,</strong></span> <span class='ocrx_word' id='word_1_155' title='bbox 986 2022 1069 2082; x_wconf 89' lang='lat' dir='ltr'><strong>inter</strong></span> <span class='ocrx_word' id='word_1_156' title='bbox 1100 2041 1179 2098; x_wconf 89' lang='lat' dir='ltr'><strong>quas</strong></span> <span class='ocrx_word' id='word_1_157' title='bbox 1211 2022 1293 2097; x_wconf 85' lang='lat' dir='ltr'><strong>Argo</strong></span> 
     </span>
     <span class='ocr_line' id='line_1_17' title="bbox 160 2127 1294 2206; baseline -0.003 -16"><span class='ocrx_word' id='word_1_158' title='bbox 160 2133 302 2201; x_wconf 86' lang='lat' dir='ltr'><strong>transiit;</strong></span> <span class='ocrx_word' id='word_1_159' title='bbox 325 2132 361 2192; x_wconf 86' lang='lat' dir='ltr'><strong>cf.</strong></span> <span class='ocrx_word' id='word_1_160' title='bbox 384 2132 462 2191; x_wconf 90' lang='lat' dir='ltr'><strong>Plin.</strong></span> <span class='ocrx_word' id='word_1_161' title='bbox 485 2133 521 2190; x_wconf 89' lang='lat' dir='ltr'><strong>N.</strong></span> <span class='ocrx_word' id='word_1_162' title='bbox 543 2131 583 2190; x_wconf 92' lang='grc' dir='ltr'><strong>Η.</strong></span> <span class='ocrx_word' id='word_1_163' title='bbox 606 2131 656 2190; x_wconf 89' lang='lat' dir='ltr'><strong>IV.</strong></span> <span class='ocrx_word' id='word_1_164' title='bbox 680 2132 737 2190; x_wconf 67' lang='lat'><strong>92:</strong></span> <span class='ocrx_word' id='word_1_165' title='bbox 765 2131 911 2206; x_wconf 74' lang='lat' dir='ltr'><strong>«Cyaneas</strong></span> <span class='ocrx_word' id='word_1_166' title='bbox 934 2129 973 2193; x_wconf 85' lang='lat' dir='ltr'><strong>ab</strong></span> <span class='ocrx_word' id='word_1_167' title='bbox 984 2129 1053 2188; x_wconf 87' lang='lat' dir='ltr'><strong>aliis</strong></span> <span class='ocrx_word' id='word_1_168' title='bbox 1065 2127 1294 2205; x_wconf 82' lang='lat' dir='ltr'><strong>Symplegades</strong></span> 
     </span>
     <span class='ocr_line' id='line_1_18' title="bbox 159 2237 1294 2314; baseline 0 -18"><span class='ocrx_word' id='word_1_169' title='bbox 159 2238 321 2314; x_wconf 70' lang='lat' dir='ltr'><strong>appellatas</strong></span> <span class='ocrx_word' id='word_1_170' title='bbox 347 2237 527 2313; x_wconf 69' lang='lat' dir='ltr'><strong>traditaque</strong></span> <span class='ocrx_word' id='word_1_171' title='bbox 560 2237 671 2297; x_wconf 81' lang='lat' dir='ltr'><strong>fabulis</strong></span> <span class='ocrx_word' id='word_1_172' title='bbox 693 2240 777 2296; x_wconf 89' lang='lat' dir='ltr'><strong>inter</strong></span> <span class='ocrx_word' id='word_1_173' title='bbox 798 2257 829 2296; x_wconf 87' lang='lat' dir='ltr'><strong>se</strong></span> <span class='ocrx_word' id='word_1_174' title='bbox 851 2237 1108 2297; x_wconf 76' lang='lat' dir='ltr'><strong>concucurrisse.»</strong></span> <span class='ocrx_word' id='word_1_175' title='bbox 1133 2272 1176 2277; x_wconf 81' lang='lat'><strong>-—</strong></span> <span class='ocrx_word' id='word_1_176' title='bbox 1200 2244 1294 2296; x_wconf 83' lang='lat' dir='ltr'><strong>teme·</strong></span> 
     </span>
    </p>
   </div>
   <div class='ocr_carea' id='block_1_3' title="bbox 101 2342 1295 2529">
    <p class='ocr_par' dir='ltr' id='par_1_3' title="bbox 101 2342 1295 2529">
     <span class='ocr_line' id='line_1_19' title="bbox 159 2342 1294 2422; baseline -0.003 -18"><span class='ocrx_word' id='word_1_177' title='bbox 159 2348 256 2417; x_wconf 73' lang='lat' dir='ltr'><strong>ruric,</strong></span> <span class='ocrx_word' id='word_1_178' title='bbox 279 2344 414 2404; x_wconf 60' lang='lat' dir='ltr'><strong>audam·</strong></span> <span class='ocrx_word' id='word_1_179' title='bbox 443 2381 448 2385; x_wconf 88' lang='lat'><em>-</em></span> <span class='ocrx_word' id='word_1_180' title='bbox 473 2345 694 2422; x_wconf 77' lang='lat' dir='ltr'><strong>Conspicuam,</strong></span> <span class='ocrx_word' id='word_1_181' title='bbox 716 2344 989 2420; x_wconf 83' lang='lat' dir='ltr'><strong>conspiciendam3</strong></span> <span class='ocrx_word' id='word_1_182' title='bbox 1022 2343 1058 2401; x_wconf 88' lang='lat' dir='ltr'><strong>of.</strong></span> <span class='ocrx_word' id='word_1_183' title='bbox 1091 2342 1165 2402; x_wconf 86' lang='lat' dir='ltr'><strong>adn.</strong></span> <span class='ocrx_word' id='word_1_184' title='bbox 1199 2362 1294 2419; x_wconf 88' lang='lat' dir='ltr'><strong>supra</strong></span> 
     </span>
     <span class='ocr_line' id='line_1_20' title="bbox 101 2450 1295 2529; baseline -0.002 -19"><span class='ocrx_word' id='word_1_185' title='bbox 101 2517 104 2521; x_wconf 41' lang='grc'>,</span> <span class='ocrx_word' id='word_1_186' title='bbox 158 2453 197 2510; x_wconf 87' lang='lat' dir='ltr'><strong>ad</strong></span> <span class='ocrx_word' id='word_1_187' title='bbox 218 2452 257 2513; x_wconf 88' lang='grc' dir='ltr'><strong>ΙΙ,</strong></span> <span class='ocrx_word' id='word_1_188' title='bbox 280 2453 307 2521; x_wconf 75' lang='lat' dir='ltr'><strong>l,</strong></span> <span class='ocrx_word' id='word_1_189' title='bbox 330 2453 386 2511; x_wconf 69' lang='lat' dir='ltr'><strong>lt:</strong></span> <span class='ocrx_word' id='word_1_190' title='bbox 415 2450 675 2526; x_wconf 72' lang='lat' dir='ltr'><strong>«conspicienda»</strong></span> <span class='ocrx_word' id='word_1_191' title='bbox 762 2452 847 2529; x_wconf 71' lang='lat' dir='ltr'><strong>felleo</strong></span> <span class='ocrx_word' id='word_1_192' title='bbox 871 2451 979 2510; x_wconf 77' lang='lat' dir='ltr'><strong>vellere</strong></span> <span class='ocrx_word' id='word_1_193' title='bbox 994 2496 999 2509; x_wconf 93' lang='lat'>.</span> <span class='ocrx_word' id='word_1_194' title='bbox 1016 2496 1023 2509; x_wconf 91' lang='lat'><strong>.</strong></span> <span class='ocrx_word' id='word_1_195' title='bbox 1041 2496 1047 2509; x_wconf 91' lang='lat'><strong>.</strong></span> <span class='ocrx_word' id='word_1_196' title='bbox 1064 2468 1161 2522; x_wconf 85' lang='lat' dir='ltr'><strong>ocem,</strong></span> <span class='ocrx_word' id='word_1_197' title='bbox 1186 2451 1295 2509; x_wconf 87' lang='lat' dir='ltr'><strong>lanam</strong></span> 
     </span>
    </p>
   </div>
   <div class='ocr_carea' id='block_1_4' title="bbox 157 2578 1295 4237">
    <p class='ocr_par' dir='ltr' id='par_1_4' title="bbox 158 2578 293 2617">
     <span class='ocr_line' id='line_1_21' title="bbox 158 2578 293 2617; baseline 0 0"><span class='ocrx_word' id='word_1_198' title='bbox 158 2578 293 2617; x_wconf 88' lang='lat' dir='ltr'><strong>auream.</strong></span> 
     </span>
    </p>

    <p class='ocr_par' dir='ltr' id='par_1_5' title="bbox 158 2661 1295 3165">
     <span class='ocr_line' id='line_1_22' title="bbox 212 2661 1295 2742; baseline -0.003 -17"><span class='ocrx_word' id='word_1_199' title='bbox 212 2667 248 2725; x_wconf 78' lang='lat' dir='ltr'><strong>V.</strong></span> <span class='ocrx_word' id='word_1_200' title='bbox 272 2669 308 2724; x_wconf 86' lang='lat'><strong>5-</strong></span> <span class='ocrx_word' id='word_1_201' title='bbox 333 2666 359 2722; x_wconf 85' lang='lat'><strong>7.</strong></span> <span class='ocrx_word' id='word_1_202' title='bbox 381 2668 464 2742; x_wconf 76' lang='lat' dir='ltr'><strong>freta</strong></span> <span class='ocrx_word' id='word_1_203' title='bbox 493 2665 597 2740; x_wconf 65' lang='lat' dir='ltr'><strong>lorsqu,</strong></span> <span class='ocrx_word' id='word_1_204' title='bbox 628 2684 713 2723; x_wconf 91' lang='lat' dir='ltr'><strong>mare</strong></span> <span class='ocrx_word' id='word_1_205' title='bbox 743 2684 900 2738; x_wconf 87' lang='lat' dir='ltr'><strong>magnum,</strong></span> <span class='ocrx_word' id='word_1_206' title='bbox 934 2663 1014 2737; x_wconf 93' lang='lat' dir='ltr'><strong>quod</strong></span> <span class='ocrx_word' id='word_1_207' title='bbox 1044 2661 1135 2736; x_wconf 85' lang='lat' dir='ltr'><strong>longe</strong></span> <span class='ocrx_word' id='word_1_208' title='bbox 1168 2663 1295 2738; x_wconf 89' lang='lat' dir='ltr'><strong>lateque</strong></span> 
     </span>
     <span class='ocr_line' id='line_1_23' title="bbox 158 2770 1295 2848; baseline -0.003 -17"><span class='ocrx_word' id='word_1_209' title='bbox 158 2772 352 2840; x_wconf 85' lang='lat' dir='ltr'><strong>extenditur;</strong></span> <span class='ocrx_word' id='word_1_210' title='bbox 376 2772 484 2831; x_wconf 89' lang='lat' dir='ltr'><strong>eodem</strong></span> <span class='ocrx_word' id='word_1_211' title='bbox 507 2792 600 2832; x_wconf 88' lang='lat' dir='ltr'><strong>sensu</strong></span> <span class='ocrx_word' id='word_1_212' title='bbox 619 2773 710 2848; x_wconf 89' lang='lat' dir='ltr'><strong>Prcp.</strong></span> <span class='ocrx_word' id='word_1_213' title='bbox 731 2773 771 2830; x_wconf 89' lang='lat' dir='ltr'><strong>H.</strong></span> <span class='ocrx_word' id='word_1_214' title='bbox 794 2772 842 2842; x_wconf 72' lang='lat' dir='ltr'><strong>st,</strong></span> <span class='ocrx_word' id='word_1_215' title='bbox 866 2772 922 2830; x_wconf 68' lang='lat'><strong>29:</strong></span> <span class='ocrx_word' id='word_1_216' title='bbox 950 2788 1049 2828; x_wconf 74' lang='lat' dir='ltr'><strong>«mare</strong></span> <span class='ocrx_word' id='word_1_217' title='bbox 1074 2788 1130 2845; x_wconf 89' lang='lat' dir='ltr'><strong>per</strong></span> <span class='ocrx_word' id='word_1_218' title='bbox 1161 2770 1295 2844; x_wconf 86' lang='lat' dir='ltr'><strong>longum</strong></span> 
     </span>
     <span class='ocr_line' id='line_1_24' title="bbox 159 2868 1294 2955; baseline -0.001 -19"><span class='ocrx_word' id='word_1_219' title='bbox 159 2899 227 2937; x_wconf 86' lang='lat' dir='ltr'><strong>mea</strong></span> <span class='ocrx_word' id='word_1_220' title='bbox 248 2880 362 2953; x_wconf 86' lang='lat' dir='ltr'><strong>cogitet</strong></span> <span class='ocrx_word' id='word_1_221' title='bbox 383 2879 428 2936; x_wconf 91' lang='lat' dir='ltr'><strong>ire</strong></span> <span class='ocrx_word' id='word_1_222' title='bbox 450 2868 577 2954; x_wconf 76' lang='lat' dir='ltr'><strong>puella.»</strong></span> <span class='ocrx_word' id='word_1_223' title='bbox 603 2916 643 2921; x_wconf 86' lang='lat'><strong>--</strong></span> <span class='ocrx_word' id='word_1_224' title='bbox 663 2899 777 2955; x_wconf 77' lang='lat' dir='ltr'><strong>pressa,</strong></span> <span class='ocrx_word' id='word_1_225' title='bbox 809 2878 958 2938; x_wconf 84' lang='lat' dir='ltr'><strong>demersa.</strong></span> <span class='ocrx_word' id='word_1_226' title='bbox 1041 2878 1206 2952; x_wconf 80' lang='lat' dir='ltr'><strong>sociosque</strong></span> <span class='ocrx_word' id='word_1_227' title='bbox 1238 2877 1294 2935; x_wconf 86' lang='lat' dir='ltr'><strong>Pe·</strong></span> 
     </span>
     <span class='ocr_line' id='line_1_25' title="bbox 161 2981 1292 3060; baseline 0.001 -18"><span class='ocrx_word' id='word_1_228' title='bbox 161 2995 256 3057; x_wconf 71' lang='lat' dir='ltr'><strong>ricles,</strong></span> <span class='ocrx_word' id='word_1_229' title='bbox 279 3003 476 3043; x_wconf 91' lang='lat' dir='ltr'><strong>communem</strong></span> <span class='ocrx_word' id='word_1_230' title='bbox 498 2985 641 3053; x_wconf 91' lang='lat' dir='ltr'><strong>domum;</strong></span> <span class='ocrx_word' id='word_1_231' title='bbox 664 2987 755 3060; x_wconf 85' lang='lat' dir='ltr'><strong>poeta</strong></span> <span class='ocrx_word' id='word_1_232' title='bbox 785 2984 955 3044; x_wconf 87' lang='lat' dir='ltr'><strong>Corinnam</strong></span> <span class='ocrx_word' id='word_1_233' title='bbox 986 3001 1090 3041; x_wconf 84' lang='lat' dir='ltr'><strong>secum</strong></span> <span class='ocrx_word' id='word_1_234' title='bbox 1121 2981 1292 3044; x_wconf 74' lang='lat' dir='ltr'><strong>habitasse.</strong></span> 
     </span>
     <span class='ocr_line' id='line_1_26' title="bbox 158 3092 259 3165; baseline 0.02 -16"><span class='ocrx_word' id='word_1_235' title='bbox 158 3092 259 3165; x_wconf 83' lang='lat' dir='ltr'><strong>fingit.</strong></span> 
     </span>
    </p>

    <p class='ocr_par' dir='ltr' id='par_1_6' title="bbox 157 3196 1295 4237">
     <span class='ocr_line' id='line_1_27' title="bbox 212 3196 1293 3273; baseline -0.004 -15"><span class='ocrx_word' id='word_1_236' title='bbox 212 3199 248 3258; x_wconf 89' lang='lat' dir='ltr'><strong>V.</strong></span> <span class='ocrx_word' id='word_1_237' title='bbox 270 3200 378 3257; x_wconf 82' lang='lat'><strong>9--10.</strong></span> <span class='ocrx_word' id='word_1_238' title='bbox 404 3198 506 3270; x_wconf 69' lang='grc'><strong>(21111111</strong></span> <span class='ocrx_word' id='word_1_239' title='bbox 529 3200 595 3270; x_wconf 76' lang='lat' dir='ltr'><strong>tibi,</strong></span> <span class='ocrx_word' id='word_1_240' title='bbox 617 3218 667 3257; x_wconf 79' lang='lat' dir='ltr'><strong>me</strong></span> <span class='ocrx_word' id='word_1_241' title='bbox 689 3201 848 3270; x_wconf 73' lang='lat' dir='ltr'><strong>irrisorum,</strong></span> <span class='ocrx_word' id='word_1_242' title='bbox 880 3198 1037 3273; x_wconf 77' lang='lat' dir='ltr'><strong>Zephyros</strong></span> <span class='ocrx_word' id='word_1_243' title='bbox 1065 3196 1233 3272; x_wconf 81' lang='lat' dir='ltr'><strong>Eurosque</strong></span> <span class='ocrx_word' id='word_1_244' title='bbox 1257 3199 1293 3256; x_wconf 81' lang='lat' dir='ltr'><strong>ti·</strong></span> 
     </span>
     <span class='ocr_line' id='line_1_28' title="bbox 158 3303 1293 3380; baseline -0.004 -16"><span class='ocrx_word' id='word_1_245' title='bbox 158 3308 256 3378; x_wconf 79' lang='lat' dir='ltr'><strong>mebc,</strong></span> <span class='ocrx_word' id='word_1_246' title='bbox 278 3309 312 3365; x_wconf 89' lang='lat' dir='ltr'><strong>ut</strong></span> <span class='ocrx_word' id='word_1_247' title='bbox 332 3307 423 3380; x_wconf 91' lang='lat' dir='ltr'><strong>Prop.</strong></span> <span class='ocrx_word' id='word_1_248' title='bbox 443 3306 483 3363; x_wconf 93' lang='grc' dir='ltr'><strong>Π.</strong></span> <span class='ocrx_word' id='word_1_249' title='bbox 506 3305 552 3374; x_wconf 68' lang='lat'><strong>26,</strong></span> <span class='ocrx_word' id='word_1_250' title='bbox 577 3307 612 3364; x_wconf 79' lang='lat'><strong>7:</strong></span> <span class='ocrx_word' id='word_1_251' title='bbox 640 3305 756 3376; x_wconf 77' lang='lat' dir='ltr'><strong>«Quam</strong></span> <span class='ocrx_word' id='word_1_252' title='bbox 775 3305 875 3375; x_wconf 91' lang='lat' dir='ltr'><strong>timui,</strong></span> <span class='ocrx_word' id='word_1_253' title='bbox 906 3322 946 3361; x_wconf 89' lang='lat' dir='ltr'><strong>ne</strong></span> <span class='ocrx_word' id='word_1_254' title='bbox 976 3303 1054 3361; x_wconf 87' lang='lat' dir='ltr'><strong>forte</strong></span> <span class='ocrx_word' id='word_1_255' title='bbox 1084 3304 1175 3360; x_wconf 90' lang='lat' dir='ltr'><strong>tuum</strong></span> <span class='ocrx_word' id='word_1_256' title='bbox 1207 3321 1293 3361; x_wconf 87' lang='lat' dir='ltr'><strong>mare</strong></span> 
     </span>
     <span class='ocr_line' id='line_1_29' title="bbox 157 3409 1291 3487; baseline -0.004 -17"><span class='ocrx_word' id='word_1_257' title='bbox 157 3432 274 3472; x_wconf 87' lang='lat' dir='ltr'><strong>nomen</strong></span> <span class='ocrx_word' id='word_1_258' title='bbox 296 3413 438 3471; x_wconf 77' lang='lat' dir='ltr'><strong>haberet»</strong></span> <span class='ocrx_word' id='word_1_259' title='bbox 465 3411 501 3470; x_wconf 87' lang='lat' dir='ltr'><strong>de</strong></span> <span class='ocrx_word' id='word_1_260' title='bbox 524 3412 669 3487; x_wconf 80' lang='lat' dir='ltr'><strong>Cynthia.</strong></span> <span class='ocrx_word' id='word_1_261' title='bbox 691 3447 730 3453; x_wconf 93' lang='lat'><strong>---</strong></span> <span class='ocrx_word' id='word_1_262' title='bbox 756 3410 868 3481; x_wconf 80' lang='lat' dir='ltr'>Quam,</span> <span class='ocrx_word' id='word_1_263' title='bbox 891 3430 929 3468; x_wconf 85' lang='lat' dir='ltr'><strong>ex</strong></span> <span class='ocrx_word' id='word_1_264' title='bbox 949 3428 1020 3468; x_wconf 86' lang='lat' dir='ltr'><strong>mea</strong></span> <span class='ocrx_word' id='word_1_265' title='bbox 1041 3409 1238 3479; x_wconf 80' lang='lat' dir='ltr'><strong>coniectura3</strong></span> <span class='ocrx_word' id='word_1_266' title='bbox 1254 3409 1291 3468; x_wconf 88' lang='lat' dir='ltr'><strong>cf.</strong></span> 
     </span>
     <span class='ocr_line' id='line_1_30' title="bbox 158 3516 1294 3593; baseline -0.003 -16"><span class='ocrx_word' id='word_1_267' title='bbox 158 3519 242 3577; x_wconf 87' lang='lat' dir='ltr'><strong>infra</strong></span> <span class='ocrx_word' id='word_1_268' title='bbox 264 3518 333 3576; x_wconf 84' lang='lat' dir='ltr'><strong>adn.</strong></span> <span class='ocrx_word' id='word_1_269' title='bbox 356 3520 423 3576; x_wconf 87' lang='lat' dir='ltr'><strong>crit.</strong></span> <span class='ocrx_word' id='word_1_270' title='bbox 447 3518 484 3576; x_wconf 85' lang='lat' dir='ltr'><strong>ad</strong></span> <span class='ocrx_word' id='word_1_271' title='bbox 507 3517 537 3575; x_wconf 91' lang='lat' dir='ltr'><strong>h.</strong></span> <span class='ocrx_word' id='word_1_272' title='bbox 560 3519 578 3575; x_wconf 92' lang='lat' dir='ltr'><strong>l.</strong></span> <span class='ocrx_word' id='word_1_273' title='bbox 672 3519 712 3576; x_wconf 79' lang='lat' dir='ltr'><strong>Et</strong></span> <span class='ocrx_word' id='word_1_274' title='bbox 741 3519 882 3593; x_wconf 74' lang='lat' dir='ltr'><strong>pelidem</strong></span> <span class='ocrx_word' id='word_1_275' title='bbox 911 3518 1039 3576; x_wconf 73' lang='lat' dir='ltr'><strong>Borean</strong></span> <span class='ocrx_word' id='word_1_276' title='bbox 1068 3516 1294 3591; x_wconf 78' lang='lat' dir='ltr'><strong>epelidumque</strong></span> 
     </span>
     <span class='ocr_line' id='line_1_31' title="bbox 162 3621 1291 3695; baseline -0.003 -11"><span class='ocrx_word' id='word_1_277' title='bbox 162 3626 289 3695; x_wconf 75' lang='lat' dir='ltr'><strong>Notum,</strong></span> <span class='ocrx_word' id='word_1_278' title='bbox 313 3625 349 3685; x_wconf 94' lang='lat' dir='ltr'><strong>de</strong></span> <span class='ocrx_word' id='word_1_279' title='bbox 372 3624 431 3683; x_wconf 89' lang='lat' dir='ltr'><strong>hoc</strong></span> <span class='ocrx_word' id='word_1_280' title='bbox 453 3644 544 3682; x_wconf 88' lang='lat' dir='ltr'><strong>versu</strong></span> <span class='ocrx_word' id='word_1_281' title='bbox 564 3624 736 3683; x_wconf 91' lang='lat' dir='ltr'><strong>ludibundo</strong></span> <span class='ocrx_word' id='word_1_282' title='bbox 759 3624 795 3682; x_wconf 85' lang='lat' dir='ltr'><strong>ci.</strong></span> <span class='ocrx_word' id='word_1_283' title='bbox 819 3623 924 3682; x_wconf 82' lang='lat' dir='ltr'><strong>Senec.</strong></span> <span class='ocrx_word' id='word_1_284' title='bbox 949 3622 1095 3683; x_wconf 73' lang='lat' dir='ltr'><strong>controv.</strong></span> <span class='ocrx_word' id='word_1_285' title='bbox 1117 3621 1158 3680; x_wconf 90' lang='lat' dir='ltr'><strong>H.</strong></span> <span class='ocrx_word' id='word_1_286' title='bbox 1181 3621 1209 3692; x_wconf 68' lang='lat' dir='ltr'><strong>i,</strong></span> <span class='ocrx_word' id='word_1_287' title='bbox 1236 3622 1291 3681; x_wconf 73' lang='lat' dir='ltr'><strong>le:</strong></span> 
     </span>
     <span class='ocr_line' id='line_1_32' title="bbox 163 3727 1289 3806; baseline -0.004 -16"><span class='ocrx_word' id='word_1_288' title='bbox 163 3732 288 3791; x_wconf 84' lang='lat' dir='ltr'><strong>«Verbis</strong></span> <span class='ocrx_word' id='word_1_289' title='bbox 310 3733 439 3789; x_wconf 89' lang='lat' dir='ltr'><strong>minime</strong></span> <span class='ocrx_word' id='word_1_290' title='bbox 460 3731 589 3789; x_wconf 79' lang='lat' dir='ltr'><strong>licenter</strong></span> <span class='ocrx_word' id='word_1_291' title='bbox 610 3751 682 3789; x_wconf 87' lang='lat' dir='ltr'><strong>usus</strong></span> <span class='ocrx_word' id='word_1_292' title='bbox 705 3735 751 3788; x_wconf 88' lang='lat' dir='ltr'><strong>est</strong></span> <span class='ocrx_word' id='word_1_293' title='bbox 773 3728 926 3806; x_wconf 80' lang='lat' dir='ltr'><strong>(Ovidius)</strong></span> <span class='ocrx_word' id='word_1_294' title='bbox 948 3730 1011 3787; x_wconf 87' lang='lat' dir='ltr'><strong>nisi</strong></span> <span class='ocrx_word' id='word_1_295' title='bbox 1032 3729 1066 3786; x_wconf 88' lang='lat' dir='ltr'><strong>in</strong></span> <span class='ocrx_word' id='word_1_296' title='bbox 1085 3727 1289 3796; x_wconf 86' lang='lat' dir='ltr'><strong>carminibus,</strong></span> 
     </span>
     <span class='ocr_line' id='line_1_33' title="bbox 158 3834 1290 3914; baseline -0.004 -18"><span class='ocrx_word' id='word_1_297' title='bbox 158 3841 192 3896; x_wconf 90' lang='lat' dir='ltr'><strong>in</strong></span> <span class='ocrx_word' id='word_1_298' title='bbox 216 3837 324 3914; x_wconf 91' lang='lat' dir='ltr'><strong>quibus</strong></span> <span class='ocrx_word' id='word_1_299' title='bbox 346 3857 410 3896; x_wconf 91' lang='lat' dir='ltr'><strong>non</strong></span> <span class='ocrx_word' id='word_1_300' title='bbox 432 3838 588 3911; x_wconf 84' lang='lat' dir='ltr'><strong>ignoravit</strong></span> <span class='ocrx_word' id='word_1_301' title='bbox 608 3839 685 3896; x_wconf 86' lang='lat' dir='ltr'><strong>vitia</strong></span> <span class='ocrx_word' id='word_1_302' title='bbox 707 3856 770 3906; x_wconf 87' lang='lat' dir='ltr'><strong>sua,</strong></span> <span class='ocrx_word' id='word_1_303' title='bbox 794 3835 847 3894; x_wconf 90' lang='lat' dir='ltr'><strong>sed</strong></span> <span class='ocrx_word' id='word_1_304' title='bbox 868 3835 990 3894; x_wconf 86' lang='lat' dir='ltr'><strong>amavit.</strong></span> <span class='ocrx_word' id='word_1_305' title='bbox 1007 3834 1211 3893; x_wconf 76' lang='lat' dir='ltr'><strong>Manifestum</strong></span> <span class='ocrx_word' id='word_1_306' title='bbox 1233 3854 1290 3911; x_wconf 91' lang='lat' dir='ltr'><strong>po·</strong></span> 
     </span>
     <span class='ocr_line' id='line_1_34' title="bbox 159 3943 1294 4021; baseline -0.003 -18"><span class='ocrx_word' id='word_1_307' title='bbox 159 3948 221 4003; x_wconf 88' lang='lat' dir='ltr'><strong>test</strong></span> <span class='ocrx_word' id='word_1_308' title='bbox 242 3964 316 4013; x_wconf 87' lang='lat' dir='ltr'><strong>esse,</strong></span> <span class='ocrx_word' id='word_1_309' title='bbox 341 3944 421 4021; x_wconf 90' lang='lat' dir='ltr'><strong>quod</strong></span> <span class='ocrx_word' id='word_1_310' title='bbox 442 3948 567 4018; x_wconf 86' lang='lat' dir='ltr'><strong>rogatus</strong></span> <span class='ocrx_word' id='word_1_311' title='bbox 589 3946 756 4020; x_wconf 85' lang='lat' dir='ltr'><strong>aliquando</strong></span> <span class='ocrx_word' id='word_1_312' title='bbox 788 3943 826 4002; x_wconf 82' lang='lat' dir='ltr'><strong>cb</strong></span> <span class='ocrx_word' id='word_1_313' title='bbox 857 3945 965 4002; x_wconf 89' lang='lat' dir='ltr'><strong>amicis</strong></span> <span class='ocrx_word' id='word_1_314' title='bbox 997 3944 1068 4011; x_wconf 89' lang='lat' dir='ltr'><strong>suis,</strong></span> <span class='ocrx_word' id='word_1_315' title='bbox 1101 3944 1135 3999; x_wconf 89' lang='lat' dir='ltr'><strong>ut</strong></span> <span class='ocrx_word' id='word_1_316' title='bbox 1165 3943 1294 4002; x_wconf 88' lang='lat' dir='ltr'><strong>tolleret</strong></span> 
     </span>
     <span class='ocr_line' id='line_1_35' title="bbox 158 4048 1295 4129; baseline -0.002 -19"><span class='ocrx_word' id='word_1_317' title='bbox 158 4057 221 4111; x_wconf 91' lang='lat' dir='ltr'><strong>tres</strong></span> <span class='ocrx_word' id='word_1_318' title='bbox 242 4071 356 4120; x_wconf 85' lang='lat' dir='ltr'><strong>versus,</strong></span> <span class='ocrx_word' id='word_1_319' title='bbox 379 4053 513 4111; x_wconf 84' lang='lat' dir='ltr'><strong>invicem</strong></span> <span class='ocrx_word' id='word_1_320' title='bbox 535 4055 633 4129; x_wconf 88' lang='lat' dir='ltr'><strong>petiit,</strong></span> <span class='ocrx_word' id='word_1_321' title='bbox 657 4056 691 4111; x_wconf 93' lang='lat' dir='ltr'><strong>ut</strong></span> <span class='ocrx_word' id='word_1_322' title='bbox 712 4053 777 4128; x_wconf 92' lang='lat' dir='ltr'><strong>ipse</strong></span> <span class='ocrx_word' id='word_1_323' title='bbox 799 4055 862 4110; x_wconf 90' lang='lat' dir='ltr'><strong>tres</strong></span> <span class='ocrx_word' id='word_1_324' title='bbox 885 4053 1047 4126; x_wconf 86' lang='lat' dir='ltr'><strong>exciperet,</strong></span> <span class='ocrx_word' id='word_1_325' title='bbox 1067 4051 1102 4109; x_wconf 91' lang='lat' dir='ltr'><strong>in</strong></span> <span class='ocrx_word' id='word_1_326' title='bbox 1118 4068 1195 4124; x_wconf 91' lang='lat' dir='ltr'><strong>quos</strong></span> <span class='ocrx_word' id='word_1_327' title='bbox 1209 4048 1295 4109; x_wconf 91' lang='lat' dir='ltr'><strong>nihil</strong></span> 
     </span>
     <span class='ocr_line' id='line_1_36' title="bbox 158 4158 1295 4237; baseline -0.001 -20"><span class='ocrx_word' id='word_1_328' title='bbox 158 4161 220 4218; x_wconf 89' lang='lat' dir='ltr'><strong>illis</strong></span> <span class='ocrx_word' id='word_1_329' title='bbox 242 4160 356 4219; x_wconf 88' lang='lat' dir='ltr'><strong>liceret.</strong></span> <span class='ocrx_word' id='word_1_330' title='bbox 379 4160 485 4236; x_wconf 87' lang='lat' dir='ltr'><strong>Aequa</strong></span> <span class='ocrx_word' id='word_1_331' title='bbox 506 4161 555 4218; x_wconf 79' lang='lat' dir='ltr'><strong>lex</strong></span> <span class='ocrx_word' id='word_1_332' title='bbox 575 4163 642 4219; x_wconf 89' lang='lat' dir='ltr'><strong>visa</strong></span> <span class='ocrx_word' id='word_1_333' title='bbox 663 4164 727 4232; x_wconf 82' lang='lat' dir='ltr'><strong>est3</strong></span> <span class='ocrx_word' id='word_1_334' title='bbox 750 4160 938 4237; x_wconf 85' lang='lat' dir='ltr'><strong>scripserant</strong></span> <span class='ocrx_word' id='word_1_335' title='bbox 958 4160 1014 4230; x_wconf 89' lang='lat' dir='ltr'><strong>illi,</strong></span> <span class='ocrx_word' id='word_1_336' title='bbox 1038 4176 1114 4234; x_wconf 91' lang='lat' dir='ltr'><strong>quos</strong></span> <span class='ocrx_word' id='word_1_337' title='bbox 1135 4158 1206 4216; x_wconf 89' lang='lat' dir='ltr'><strong>tolli</strong></span> <span class='ocrx_word' id='word_1_338' title='bbox 1228 4158 1295 4218; x_wconf 83' lang='lat' dir='ltr'><strong>vel·</strong></span> 
     </span>
    </p>
   </div>
   <div class='ocr_carea' id='block_1_5' title="bbox 0 0 1453 4754">
    <p class='ocr_par' dir='ltr' id='par_1_7' title="bbox 0 0 1453 4754">
     <span class='ocr_line' id='line_1_37' title="bbox 0 0 1453 4754; baseline 0 0"><span class='ocrx_word' id='word_1_339' title='bbox 0 0 1453 4754; x_wconf 95' lang='lat' dir='ltr'><strong> </strong></span> 
     </span>
    </p>
   </div>
  </div>
 </body>
</html>
