2896 4754
157 346 191 398 92
255 433 256 438 ἵ
606 368 741 412 aaronem
760 369 779 410 1.
802 365 827 411 8.

246 517 356 607 Prosit
378 547 416 606 ut
440 543 631 618 adveniens,
657 563 701 605 en
724 542 866 625 adspice,
893 542 986 606 dives
1010 547 1141 606 amator

294 657 339 721 Te
364 658 489 740 cupiit3
515 677 611 732 curae,
637 657 716 739 quid
740 658 801 721 tibi
825 657 920 734 desit,
945 657 1055 721 habet.

248 772 308 836 Est
333 773 434 836 etiam
458 773 571 849 facies,
597 793 667 854 quae
693 793 728 836 se
753 773 814 836 tibi
838 776 1007 854 conparet,
1031 773 1100 836 illi:

295 886 329 951 Si
353 892 479 952 tenen
505 892 652 970 emptam
675 889 788 966 vellet,
813 887 974 951 emendus
999 891 1098 951 erat.»

204 1033 232 1070 aa
249 1004 400 1068 Erubuit.
431 1004 552 1068 «Decet
576 1004 652 1068 alba
676 1003 810 1086 quidem
833 1004 941 1085 pudor
965 1025 1031 1078 ora,
1053 1002 1109 1067 sed
1133 1006 1212 1082 iste,

294 1119 329 1185 Si
353 1121 500 1196 simules,
527 1120 684 1204 prodest;
707 1140 805 1184 verus
830 1120 946 1183 obesse
971 1120 1064 1184 solet.

250 1234 333 1301 (lum
356 1237 441 1300 bene
466 1236 603 1300 deiectis
627 1237 793 1318 gremium
817 1237 982 1319 spectabis
1007 1238 1131 1313 ocellis,

296 1353 465 1432 Quantum
489 1355 628 1435 quisque
654 1354 748 1429 ferat,
767 1340 1000 1435 ‘respiciendus
1025 1354 1095 1416 erit.

249 1467 406 1535 Forsitan
429 1466 600 1531 inmundae
625 1467 731 1552 Tatio
744 1471 904 1548 regnante
930 1466 1059 1531 Sabinae
1131 1541 1133 1546 ¹

206 1611 235 1650 ιο
295 1582 472 1646 Noluerint
495 1582 625 1645 habiles
648 1581 801 1664 pluribus
825 1602 898 1646 esse
920 1583 1001 1645 viris
1013 1605 1021 1655 ;

251 1699 346 1762 Nunc
367 1698 459 1762 Mars
484 1698 630 1762 externis
655 1699 786 1763 animos
810 1702 938 1762 exercet
962 1700 996 1762 in
1020 1700 1132 1776 armis,

295 1815 338 1877 At
360 1815 474 1879 Venus
498 1815 619 1877 Aeneae
645 1818 763 1895 regnat
785 1815 821 1876 in
845 1815 927 1878 urbe
951 1816 1012 1877 sui.

250 1928 388 1991 Ludunt
411 1929 584 1992 formosae:
609 1932 741 2003 castast
768 1948 867 2011 quarn
891 1949 990 1991 nemo
1014 1930 1161 2010 rogavit;

295 2047 372 2119 Aut,
399 2045 427 2108 si
451 2046 620 2108 rusticitas
645 2065 715 2108 non
738 2049 838 2121 vetat,
864 2046 938 2127 ipsa
963 2050 1065 2126 rogat.

206 2188 234 2226 rs
250 2159 321 2221 Has
341 2179 481 2242 quoque,
504 2179 575 2241 quae
595 2160 716 2224 frontis
736 2180 835 2240 rugas
854 2161 890 2222 in
910 2160 1031 2223 vertice
1049 2162 1200 2242 portant,

296 2276 438 2340 Excute:
463 2276 503 2340 de
527 2277 618 2359 rugis
642 2277 782 2340 crimina
805 2279 912 2341 multa
935 2278 1062 2341 cadent.

251 2393 417 2476 Penelope
442 2395 602 2458 iuvenum
628 2396 715 2458 vires
739 2396 925 2477 temptabat
947 2397 984 2458 in
1008 2417 1105 2461 arcu:

299 2508 362 2587 Qui
386 2509 474 2571 latus
500 2512 663 2590 argueret,
689 2529 829 2573 corneus
854 2531 948 2574 arcus
974 2513 1051 2573 erat.

168 2603 173 2611 ’
252 2623 393 2685 Labitur
417 2623 544 2687 occulte
568 2624 719 2707 fallitque
742 2625 901 2688 volubilis
926 2629 1016 2701 aetas,

207 2769 236 2806 so
298 2739 343 2803 Ut
366 2740 454 2803 celer
478 2739 634 2804 admissis
658 2740 782 2804 labitur
806 2742 915 2805 amnis
940 2744 1042 2824 aquis.

253 2857 339 2920 Aera
362 2857 474 2920 nitent
496 2877 569 2932 usu,
594 2857 696 2920 vestis
720 2856 808 2920 bona
831 2858 949 2939 quaerit
971 2858 1095 2931 haberi,

299 2969 488 3034 Canescunt
512 2971 603 3052 turpi
627 2974 714 3034 teota
736 2971 853 3035 relicta
878 2973 964 3036 situ:

254 3085 384 3162 Forma,
410 3079 478 3149 nisi
501 3085 670 3162 admittes,
694 3087 788 3150 nullo
813 3090 984 3150 exercente
1009 3087 1163 3162 senescit,

298 3203 364 3266 Nec
389 3204 470 3266 satis
495 3202 630 3265 effectus
654 3224 742 3266 unus
767 3208 800 3266 et
824 3205 908 3267 alter
932 3204 1065 3267 habent.

209 3348 237 3384 ss
255 3317 384 3382 Certior
407 3339 424 3382 e
448 3319 566 3382 multis
591 3339 652 3382 nec
676 3320 744 3382 iam
769 3321 936 3385 invidiosa
959 3322 1128 3403 rapinast:

299 3435 402 3497 Plena
424 3435 517 3498 venit
540 3437 632 3499 canis
657 3436 697 3498 de
721 3456 818 3517 grege
842 3437 953 3517 praeda
975 3438 1074 3519 lupis.

255 3551 348 3625 Eece,
375 3550 454 3631 quid
477 3551 541 3615 iste
565 3555 643 3614 tuus
666 3555 785 3634 praeter
808 3572 895 3641 nora
918 3555 1066 3617 carmina
1088 3559 1186 3618 vates

302 3668 437 3731 Donat?
462 3670 621 3733 amatoris
645 3671 740 3733 milia
764 3671 872 3733 multa
895 3673 990 3735 feres.

255 3787 331 3868 lpse
355 3785 436 3848 deus
460 3789 573 3850 vatum
597 3787 686 3868 palla
711 3787 901 3868 spectabilis
927 3808 1026 3851 aurea

211 3931 239 3968 eo
302 3901 433 3964 Tractat
455 3901 616 3964 inauratae
641 3921 789 3965 consona
811 3901 869 3965 fila
892 3904 979 3983 lyrae.

259 4013 323 4092 Qui
346 4013 447 4089 dabit,
472 4014 529 4077 ille
554 4014 614 4077 tibi
638 4036 760 4096 magno
785 4018 829 4079 sit
852 4018 960 4080 maior
982 4017 1156 4082 Homero:

302 4129 404 4194 Crede
428 4131 521 4207 mihi,
549 4152 600 4194 res
617 4137 668 4195 est
691 4133 866 4213 ingeniosa
890 4133 975 4196 dare.
