<?xml version="1.0" encoding="UTF-8"?>
<!DOCTYPE html PUBLIC "-//W3C//DTD XHTML 1.0 Transitional//EN"
    "http://www.w3.org/TR/xhtml1/DTD/xhtml1-transitional.dtd">
<html xmlns="http://www.w3.org/1999/xhtml" xml:lang="en" lang="en">
 <head>
  <title>
</title>
<meta http-equiv="Content-Type" content="text/html;charset=utf-8" />
  <meta name='ocr-system' content='tesseract 3.04.00' />
  <meta name='ocr-capabilities' content='ocr_page ocr_carea ocr_par ocr_line ocrx_word'/>
</head>
<body>
  <div class='ocr_page' id='page_1' title='image "./povidiinasonisa01ovidgoog_0287.png"; bbox 0 0 2896 4754; ppageno 0'>
   <div class='ocr_carea' id='block_1_1' title="bbox 205 325 968 387">
    <p class='ocr_par' dir='ltr' id='par_1_1' title="bbox 205 325 968 387">
     <span class='ocr_line' id='line_1_1' title="bbox 205 325 968 387; baseline 0.003 -9"><span class='ocrx_word' id='word_1_1' title='bbox 205 325 257 380; x_wconf 62' lang='lat'><strong><em>280</em></strong></span> <span class='ocrx_word' id='word_1_2' title='bbox 563 340 806 387; x_wconf 78' lang='lat' dir='ltr'><strong><em>rnuomrrouus</em></strong></span> <span class='ocrx_word' id='word_1_3' title='bbox 824 337 968 382; x_wconf 76' lang='lat' dir='ltr'><strong><em>carrion.</em></strong></span> 
     </span>
    </p>
   </div>
   <div class='ocr_carea' id='block_1_2' title="bbox 148 505 1350 2624">
    <p class='ocr_par' dir='ltr' id='par_1_2' title="bbox 148 505 1347 1222">
     <span class='ocr_line' id='line_1_2' title="bbox 256 505 1343 590; baseline -0.017 -9"><span class='ocrx_word' id='word_1_4' title='bbox 256 521 325 582; x_wconf 87' lang='lat' dir='ltr'><strong><em>VH.</em></strong></span> <span class='ocrx_word' id='word_1_5' title='bbox 349 521 398 580; x_wconf 83' lang='lat'><strong><em>37.</em></strong></span> <span class='ocrx_word' id='word_1_6' title='bbox 421 521 649 578; x_wconf 74' lang='lat' dir='ltr'><strong><em>comitantum:</em></strong></span> <span class='ocrx_word' id='word_1_7' title='bbox 671 516 781 590; x_wconf 89' lang='lat' dir='ltr'><strong><em>soripsi</em></strong></span> <span class='ocrx_word' id='word_1_8' title='bbox 802 548 842 556; x_wconf 95' lang='lat'><strong><em>——</em></strong></span> <span class='ocrx_word' id='word_1_9' title='bbox 863 515 1047 572; x_wconf 77' lang='lat' dir='ltr'><strong><em>comitatus:</em></strong></span> <span class='ocrx_word' id='word_1_10' title='bbox 1070 509 1201 569; x_wconf 88' lang='lat' dir='ltr'><strong><em>oodioes.</em></strong></span> <span class='ocrx_word' id='word_1_11' title='bbox 1229 505 1343 564; x_wconf 89' lang='lat' dir='ltr'><strong><em>Minus</em></strong></span> 
     </span>
     <span class='ocr_line' id='line_1_3' title="bbox 204 615 1342 704; baseline -0.016 -16"><span class='ocrx_word' id='word_1_12' title='bbox 204 632 274 704; x_wconf 88' lang='lat' dir='ltr'><strong><em>apte</em></strong></span> <span class='ocrx_word' id='word_1_13' title='bbox 296 628 355 686; x_wconf 91' lang='lat' dir='ltr'><strong><em>hoo</em></strong></span> <span class='ocrx_word' id='word_1_14' title='bbox 376 626 443 685; x_wconf 84' lang='lat' dir='ltr'><strong><em>loeo</em></strong></span> <span class='ocrx_word' id='word_1_15' title='bbox 465 625 601 701; x_wconf 90' lang='lat' dir='ltr'><strong><em>positum</em></strong></span> <span class='ocrx_word' id='word_1_16' title='bbox 622 622 745 682; x_wconf 87' lang='lat' dir='ltr'><strong><em>videtur</em></strong></span> <span class='ocrx_word' id='word_1_17' title='bbox 766 623 940 691; x_wconf 76' lang='lat' dir='ltr'><strong><em>romitotus,</em></strong></span> <span class='ocrx_word' id='word_1_18' title='bbox 962 619 1026 676; x_wconf 88' lang='lat' dir='ltr'><strong><em>sive</em></strong></span> <span class='ocrx_word' id='word_1_19' title='bbox 1049 636 1104 692; x_wconf 93' lang='lat' dir='ltr'><strong><em>pro</em></strong></span> <span class='ocrx_word' id='word_1_20' title='bbox 1126 615 1342 680; x_wconf 90' lang='lat' dir='ltr'><strong><em>nominativo,</em></strong></span> 
     </span>
     <span class='ocr_line' id='line_1_4' title="bbox 203 723 1345 810; baseline -0.014 -16"><span class='ocrx_word' id='word_1_21' title='bbox 203 738 266 796; x_wconf 88' lang='lat' dir='ltr'><strong><em>sive</em></strong></span> <span class='ocrx_word' id='word_1_22' title='bbox 289 754 344 810; x_wconf 91' lang='lat' dir='ltr'><strong><em>pro</em></strong></span> <span class='ocrx_word' id='word_1_23' title='bbox 367 734 502 808; x_wconf 82' lang='lat' dir='ltr'><strong><em>genitivo</em></strong></span> <span class='ocrx_word' id='word_1_24' title='bbox 526 732 667 806; x_wconf 87' lang='lat' dir='ltr'><strong><em>aooipias.</em></strong></span> <span class='ocrx_word' id='word_1_25' title='bbox 691 729 781 802; x_wconf 81' lang='lat' dir='ltr'><strong><em>Quod</em></strong></span> <span class='ocrx_word' id='word_1_26' title='bbox 803 727 842 787; x_wconf 89' lang='lat' dir='ltr'><strong><em>ad</em></strong></span> <span class='ocrx_word' id='word_1_27' title='bbox 862 727 992 802; x_wconf 85' lang='lat' dir='ltr'><strong><em>genitivi</em></strong></span> <span class='ocrx_word' id='word_1_28' title='bbox 1013 725 1139 800; x_wconf 90' lang='lat' dir='ltr'><strong><em>pluralis</em></strong></span> <span class='ocrx_word' id='word_1_29' title='bbox 1164 723 1345 798; x_wconf 72' lang='lat' dir='ltr'><strong><em>(contituit-</em></strong></span> 
     </span>
     <span class='ocr_line' id='line_1_5' title="bbox 205 828 1345 915; baseline -0.013 -15"><span class='ocrx_word' id='word_1_30' title='bbox 205 841 285 915; x_wconf 87' lang='lat' dir='ltr'><strong><em>tum)</em></strong></span> <span class='ocrx_word' id='word_1_31' title='bbox 317 840 448 899; x_wconf 84' lang='lat' dir='ltr'><strong><em>formam</em></strong></span> <span class='ocrx_word' id='word_1_32' title='bbox 479 840 600 905; x_wconf 76' lang='lat' dir='ltr'><strong><em>attinet,</em></strong></span> <span class='ocrx_word' id='word_1_33' title='bbox 623 837 659 898; x_wconf 88' lang='lat' dir='ltr'><strong><em>of.</em></strong></span> <span class='ocrx_word' id='word_1_34' title='bbox 684 837 737 896; x_wconf 85' lang='lat' dir='ltr'><strong><em>Ov.</em></strong></span> <span class='ocrx_word' id='word_1_35' title='bbox 760 835 795 895; x_wconf 87' lang='lat' dir='ltr'><strong><em>A.</em></strong></span> <span class='ocrx_word' id='word_1_36' title='bbox 819 834 854 894; x_wconf 87' lang='lat' dir='ltr'><strong><em>A.</em></strong></span> <span class='ocrx_word' id='word_1_37' title='bbox 876 835 900 893; x_wconf 92' lang='lat' dir='ltr'><strong><em>I.</em></strong></span> <span class='ocrx_word' id='word_1_38' title='bbox 925 832 1002 892; x_wconf 81' lang='lat'><strong>633:</strong></span> <span class='ocrx_word' id='word_1_39' title='bbox 1029 833 1238 898; x_wconf 70' lang='lat' dir='ltr'><strong><em>«amantum»,</em></strong></span> <span class='ocrx_word' id='word_1_40' title='bbox 1264 828 1345 886; x_wconf 86' lang='lat' dir='ltr'><strong><em>Met.</em></strong></span> 
     </span>
     <span class='ocr_line' id='line_1_6' title="bbox 203 935 1345 1015; baseline -0.015 -7"><span class='ocrx_word' id='word_1_41' title='bbox 203 948 240 1007; x_wconf 74' lang='lat' dir='ltr'><strong><em>V.</em></strong></span> <span class='ocrx_word' id='word_1_42' title='bbox 263 949 339 1007; x_wconf 81' lang='lat'><strong>356:</strong></span> <span class='ocrx_word' id='word_1_43' title='bbox 367 947 558 1015; x_wconf 70' lang='lat' dir='ltr'><strong><em>«silentum»,</em></strong></span> <span class='ocrx_word' id='word_1_44' title='bbox 589 943 663 1003; x_wconf 88' lang='lat' dir='ltr'><strong><em>Met.</em></strong></span> <span class='ocrx_word' id='word_1_45' title='bbox 694 944 732 1002; x_wconf 85' lang='lat' dir='ltr'><strong><em>X.</em></strong></span> <span class='ocrx_word' id='word_1_46' title='bbox 755 942 831 1001; x_wconf 79' lang='lat'>657:</span> <span class='ocrx_word' id='word_1_47' title='bbox 859 940 1061 999; x_wconf 71' lang='lat' dir='ltr'><strong><em>«dicentum».</em></strong></span> <span class='ocrx_word' id='word_1_48' title='bbox 1094 937 1140 995; x_wconf 72' lang='lat' dir='ltr'><strong><em>bi.</em></strong></span> <span class='ocrx_word' id='word_1_49' title='bbox 1172 935 1345 1011; x_wconf 76' lang='lat' dir='ltr'><strong><em>reppulit:</em></strong></span> 
     </span>
     <span class='ocr_line' id='line_1_7' title="bbox 203 1041 1347 1128; baseline -0.012 -16"><span class='ocrx_word' id='word_1_50' title='bbox 203 1055 327 1128; x_wconf 82' lang='lat' dir='ltr'><strong><em>vulgata</em></strong></span> <span class='ocrx_word' id='word_1_51' title='bbox 347 1054 457 1123; x_wconf 85' lang='lat' dir='ltr'><strong><em>leotio;</em></strong></span> <span class='ocrx_word' id='word_1_52' title='bbox 488 1052 615 1110; x_wconf 84' lang='lat' dir='ltr'><strong><em>retulit:</em></strong></span> <span class='ocrx_word' id='word_1_53' title='bbox 646 1051 670 1109; x_wconf 93' lang='lat' dir='ltr'>P</span> <span class='ocrx_word' id='word_1_54' title='bbox 700 1083 740 1091; x_wconf 87' lang='lat'>-</span> <span class='ocrx_word' id='word_1_55' title='bbox 770 1049 923 1108; x_wconf 74' lang='lat' dir='ltr'><strong><em>rettudit:</em></strong></span> <span class='ocrx_word' id='word_1_56' title='bbox 954 1043 1090 1112; x_wconf 80' lang='lat' dir='ltr'>Ehwald,</span> <span class='ocrx_word' id='word_1_57' title='bbox 1123 1041 1206 1118; x_wconf 92' lang='lat' dir='ltr'><strong><em>quod</em></strong></span> <span class='ocrx_word' id='word_1_58' title='bbox 1237 1042 1347 1100; x_wconf 91' lang='lat' dir='ltr'><strong><em>rarius</em></strong></span> 
     </span>
     <span class='ocr_line' id='line_1_8' title="bbox 148 1140 808 1222; baseline -0.02 0"><span class='ocrx_word' id='word_1_59' title='bbox 148 1140 153 1155; x_wconf 54' lang='lat'><strong><em>⁵</em></strong></span> <span class='ocrx_word' id='word_1_60' title='bbox 205 1163 349 1222; x_wconf 88' lang='lat' dir='ltr'><strong><em>ooourrit.</em></strong></span> <span class='ocrx_word' id='word_1_61' title='bbox 804 1204 808 1209; x_wconf 90' lang='lat'><strong>.</strong></span> 
     </span>
    </p>

    <p class='ocr_par' dir='ltr' id='par_1_3' title="bbox 203 1254 1349 2517">
     <span class='ocr_line' id='line_1_9' title="bbox 258 1254 1348 1331; baseline -0.015 -4"><span class='ocrx_word' id='word_1_62' title='bbox 258 1268 345 1327; x_wconf 90' lang='lat' dir='ltr'>VIII.</span> <span class='ocrx_word' id='word_1_63' title='bbox 372 1268 414 1325; x_wconf 90' lang='lat' dir='ltr'><strong><em>ll.</em></strong></span> <span class='ocrx_word' id='word_1_64' title='bbox 438 1267 617 1326; x_wconf 79' lang='lat' dir='ltr'><strong><em>stolbtutio:</em></strong></span> <span class='ocrx_word' id='word_1_65' title='bbox 638 1265 663 1323; x_wconf 93' lang='lat' dir='ltr'>P</span> <span class='ocrx_word' id='word_1_66' title='bbox 685 1298 723 1306; x_wconf 87' lang='lat'>—</span> <span class='ocrx_word' id='word_1_67' title='bbox 744 1262 919 1322; x_wconf 84' lang='lat' dir='ltr'><strong><em>stilloutio:</em></strong></span> <span class='ocrx_word' id='word_1_68' title='bbox 934 1257 1055 1319; x_wconf 86' lang='lat' dir='ltr'><strong><em>oodioes</em></strong></span> <span class='ocrx_word' id='word_1_69' title='bbox 1070 1256 1190 1331; x_wconf 90' lang='lat' dir='ltr'><strong><em>reliqui.</em></strong></span> <span class='ocrx_word' id='word_1_70' title='bbox 1208 1254 1348 1330; x_wconf 90' lang='lat' dir='ltr'><strong><em>Optima</em></strong></span> 
     </span>
     <span class='ocr_line' id='line_1_10' title="bbox 205 1362 1348 1445; baseline -0.013 -12"><span class='ocrx_word' id='word_1_71' title='bbox 205 1378 252 1433; x_wconf 88' lang='lat' dir='ltr'><strong><em>est</em></strong></span> <span class='ocrx_word' id='word_1_72' title='bbox 273 1374 387 1434; x_wconf 88' lang='lat' dir='ltr'><strong><em>oodiois</em></strong></span> <span class='ocrx_word' id='word_1_73' title='bbox 409 1375 544 1433; x_wconf 90' lang='lat' dir='ltr'><strong><em>Parisini</em></strong></span> <span class='ocrx_word' id='word_1_74' title='bbox 566 1373 676 1432; x_wconf 85' lang='lat' dir='ltr'><strong><em>leotio:</em></strong></span> <span class='ocrx_word' id='word_1_75' title='bbox 699 1372 800 1445; x_wconf 85' lang='lat' dir='ltr'><strong><em>agitur</em></strong></span> <span class='ocrx_word' id='word_1_76' title='bbox 821 1371 905 1429; x_wconf 91' lang='lat' dir='ltr'><strong><em>enim</em></strong></span> <span class='ocrx_word' id='word_1_77' title='bbox 927 1367 964 1426; x_wconf 81' lang='lat' dir='ltr'><strong><em>do·</em></strong></span> <span class='ocrx_word' id='word_1_78' title='bbox 986 1366 1083 1426; x_wconf 86' lang='lat' dir='ltr'><strong><em>stellis</em></strong></span> <span class='ocrx_word' id='word_1_79' title='bbox 1108 1363 1201 1423; x_wconf 89' lang='lat' dir='ltr'><strong><em>rubro</em></strong></span> <span class='ocrx_word' id='word_1_80' title='bbox 1236 1362 1348 1421; x_wconf 81' lang='lat' dir='ltr'><strong><em>colore</em></strong></span> 
     </span>
     <span class='ocr_line' id='line_1_11' title="bbox 203 1471 1349 1556; baseline -0.013 -16"><span class='ocrx_word' id='word_1_81' title='bbox 203 1480 401 1556; x_wconf 82' lang='lat' dir='ltr'><strong><em>fulgentibus.</em></strong></span> <span class='ocrx_word' id='word_1_82' title='bbox 432 1483 481 1540; x_wconf 84' lang='lat'><strong><em>50.</em></strong></span> <span class='ocrx_word' id='word_1_83' title='bbox 516 1480 574 1541; x_wconf 86' lang='lat' dir='ltr'><strong><em>Ut.</em></strong></span> <span class='ocrx_word' id='word_1_84' title='bbox 592 1526 622 1539; x_wconf 92' lang='lat'><strong><em>..</em></strong></span> <span class='ocrx_word' id='word_1_85' title='bbox 650 1481 756 1538; x_wconf 72' lang='lat' dir='ltr'><strong><em>(titanis</em></strong></span> <span class='ocrx_word' id='word_1_86' title='bbox 787 1479 901 1553; x_wconf 82' lang='lat' dir='ltr'><strong><em>aquis:</em></strong></span> <span class='ocrx_word' id='word_1_87' title='bbox 932 1475 1030 1535; x_wconf 86' lang='lat' dir='ltr'><strong><em>oodex</em></strong></span> <span class='ocrx_word' id='word_1_88' title='bbox 1061 1471 1276 1532; x_wconf 84' lang='lat' dir='ltr'><strong><em>Sarravianus</em></strong></span> <span class='ocrx_word' id='word_1_89' title='bbox 1306 1503 1349 1511; x_wconf 86' lang='lat'>—</span> 
     </span>
     <span class='ocr_line' id='line_1_12' title="bbox 204 1576 1347 1664; baseline -0.012 -16"><span class='ocrx_word' id='word_1_90' title='bbox 204 1590 265 1649; x_wconf 84' lang='lat' dir='ltr'><strong><em>Et.</em></strong></span> <span class='ocrx_word' id='word_1_91' title='bbox 283 1635 289 1648; x_wconf 92' lang='lat'><strong>.</strong></span> <span class='ocrx_word' id='word_1_92' title='bbox 307 1636 313 1647; x_wconf 96' lang='lat'><strong>.</strong></span> <span class='ocrx_word' id='word_1_93' title='bbox 330 1607 436 1647; x_wconf 69' lang='lat' dir='ltr'><strong><em>anuis-s</em></strong></span> <span class='ocrx_word' id='word_1_94' title='bbox 458 1589 568 1664; x_wconf 66' lang='lat' dir='ltr'><strong><em>equom:</em></strong></span> <span class='ocrx_word' id='word_1_95' title='bbox 589 1587 614 1645; x_wconf 93' lang='lat' dir='ltr'>P</span> <span class='ocrx_word' id='word_1_96' title='bbox 635 1590 666 1645; x_wconf 88' lang='lat' dir='ltr'><strong><em>et</em></strong></span> <span class='ocrx_word' id='word_1_97' title='bbox 695 1584 815 1644; x_wconf 90' lang='lat' dir='ltr'><strong><em>oodioes</em></strong></span> <span class='ocrx_word' id='word_1_98' title='bbox 846 1584 968 1659; x_wconf 90' lang='lat' dir='ltr'><strong><em>reliqui.</em></strong></span> <span class='ocrx_word' id='word_1_99' title='bbox 1002 1580 1063 1640; x_wconf 87' lang='lat' dir='ltr'><strong><em>Sed</em></strong></span> <span class='ocrx_word' id='word_1_100' title='bbox 1084 1579 1121 1638; x_wconf 85' lang='lat' dir='ltr'><strong><em>oi.</em></strong></span> <span class='ocrx_word' id='word_1_101' title='bbox 1143 1577 1204 1636; x_wconf 91' lang='grc' dir='ltr'><strong><em>ΠΙ.</em></strong></span> <span class='ocrx_word' id='word_1_102' title='bbox 1229 1578 1260 1646; x_wconf 90' lang='grc'><strong><em>6,</em></strong></span> <span class='ocrx_word' id='word_1_103' title='bbox 1286 1576 1347 1634; x_wconf 88' lang='grc'><strong><em>86;</em></strong></span> 
     </span>
     <span class='ocr_line' id='line_1_13' title="bbox 209 1680 1347 1769; baseline -0.008 -20"><span class='ocrx_word' id='word_1_104' title='bbox 209 1695 287 1754; x_wconf 71' lang='lat' dir='ltr'><strong><em>«Neo</em></strong></span> <span class='ocrx_word' id='word_1_105' title='bbox 318 1694 400 1769; x_wconf 82' lang='lat' dir='ltr'><strong><em>capit</em></strong></span> <span class='ocrx_word' id='word_1_106' title='bbox 430 1694 583 1755; x_wconf 80' lang='lat' dir='ltr'><strong><em>admissus</em></strong></span> <span class='ocrx_word' id='word_1_107' title='bbox 614 1691 716 1750; x_wconf 85' lang='lat' dir='ltr'><strong><em>alveus</em></strong></span> <span class='ocrx_word' id='word_1_108' title='bbox 749 1692 828 1749; x_wconf 88' lang='lat' dir='ltr'><strong><em>altus</em></strong></span> <span class='ocrx_word' id='word_1_109' title='bbox 859 1707 976 1766; x_wconf 73' lang='lat' dir='ltr'><strong><em>aquosi</em></strong></span> <span class='ocrx_word' id='word_1_110' title='bbox 1011 1690 1042 1745; x_wconf 88' lang='lat' dir='ltr'><strong><em>et</em></strong></span> <span class='ocrx_word' id='word_1_111' title='bbox 1072 1685 1124 1744; x_wconf 88' lang='lat' dir='ltr'><strong><em>Ov.</em></strong></span> <span class='ocrx_word' id='word_1_112' title='bbox 1158 1683 1194 1742; x_wconf 87' lang='lat' dir='ltr'><strong><em>A.</em></strong></span> <span class='ocrx_word' id='word_1_113' title='bbox 1216 1680 1258 1740; x_wconf 82' lang='lat' dir='ltr'><strong><em>A.</em></strong></span> <span class='ocrx_word' id='word_1_114' title='bbox 1284 1681 1347 1740; x_wconf 89' lang='lat' dir='ltr'><strong><em>III.</em></strong></span> 
     </span>
     <span class='ocr_line' id='line_1_14' title="bbox 205 1789 1348 1869; baseline -0.011 -8"><span class='ocrx_word' id='word_1_115' title='bbox 205 1802 344 1861; x_wconf 65' lang='lat'>61-69:</span> <span class='ocrx_word' id='word_1_116' title='bbox 371 1800 471 1860; x_wconf 72' lang='lat' dir='ltr'><strong><em>«Dum</em></strong></span> <span class='ocrx_word' id='word_1_117' title='bbox 492 1800 564 1859; x_wconf 85' lang='lat' dir='ltr'><strong><em>lieet</em></strong></span> <span class='ocrx_word' id='word_1_118' title='bbox 585 1801 617 1858; x_wconf 86' lang='lat' dir='ltr'><strong><em>et</em></strong></span> <span class='ocrx_word' id='word_1_119' title='bbox 636 1817 724 1858; x_wconf 88' lang='lat' dir='ltr'><strong><em>veros</em></strong></span> <span class='ocrx_word' id='word_1_120' title='bbox 744 1797 838 1856; x_wconf 87' lang='lat' dir='ltr'><strong><em>etiam</em></strong></span> <span class='ocrx_word' id='word_1_121' title='bbox 853 1814 936 1855; x_wconf 89' lang='lat' dir='ltr'><strong><em>nuno</em></strong></span> <span class='ocrx_word' id='word_1_122' title='bbox 952 1793 1062 1869; x_wconf 84' lang='lat' dir='ltr'><strong><em>degitis</em></strong></span> <span class='ocrx_word' id='word_1_123' title='bbox 1077 1809 1187 1860; x_wconf 86' lang='lat' dir='ltr'><strong><em>annos,</em></strong></span> <span class='ocrx_word' id='word_1_124' title='bbox 1201 1789 1348 1848; x_wconf 78' lang='lat' dir='ltr'><strong><em>Ludite:</em></strong></span> 
     </span>
     <span class='ocr_line' id='line_1_15' title="bbox 206 1899 1348 1980; baseline -0.009 -15"><span class='ocrx_word' id='word_1_125' title='bbox 206 1910 281 1966; x_wconf 88' lang='lat' dir='ltr'><strong><em>eunt</em></strong></span> <span class='ocrx_word' id='word_1_126' title='bbox 302 1908 381 1965; x_wconf 90' lang='lat' dir='ltr'><strong><em>anni</em></strong></span> <span class='ocrx_word' id='word_1_127' title='bbox 401 1924 487 1965; x_wconf 89' lang='lat' dir='ltr'><strong><em>more</em></strong></span> <span class='ocrx_word' id='word_1_128' title='bbox 508 1904 634 1964; x_wconf 89' lang='lat' dir='ltr'><strong><em>fluentis</em></strong></span> <span class='ocrx_word' id='word_1_129' title='bbox 665 1923 777 1980; x_wconf 70' lang='lat' dir='ltr'><strong><em>aqua.»</em></strong></span> <span class='ocrx_word' id='word_1_130' title='bbox 813 1903 860 1962; x_wconf 84' lang='lat'><strong><em>58.</em></strong></span> <span class='ocrx_word' id='word_1_131' title='bbox 891 1904 991 1978; x_wconf 77' lang='lat' dir='ltr'><strong><em>feres:</em></strong></span> <span class='ocrx_word' id='word_1_132' title='bbox 1023 1899 1132 1973; x_wconf 87' lang='lat' dir='ltr'><strong><em>soripsi</em></strong></span> <span class='ocrx_word' id='word_1_133' title='bbox 1161 1930 1202 1941; x_wconf 93' lang='lat'>—</span> <span class='ocrx_word' id='word_1_134' title='bbox 1218 1960 1221 1965; x_wconf 68' lang='grc'>,</span> <span class='ocrx_word' id='word_1_135' title='bbox 1238 1899 1324 1973; x_wconf 71' lang='lat' dir='ltr'><strong><em>loyes</em></strong></span> <span class='ocrx_word' id='word_1_136' title='bbox 1339 1919 1348 1956; x_wconf 95' lang='lat'><em>:</em></span> 
     </span>
     <span class='ocr_line' id='line_1_16' title="bbox 205 2005 1349 2084; baseline -0.01 -12"><span class='ocrx_word' id='word_1_137' title='bbox 205 2013 335 2073; x_wconf 87' lang='lat' dir='ltr'><strong><em>oodioes.</em></strong></span> <span class='ocrx_word' id='word_1_138' title='bbox 360 2013 404 2073; x_wconf 82' lang='lat' dir='ltr'><strong><em>of.</em></strong></span> <span class='ocrx_word' id='word_1_139' title='bbox 427 2013 485 2070; x_wconf 84' lang='lat' dir='ltr'><strong><em>III.</em></strong></span> <span class='ocrx_word' id='word_1_140' title='bbox 508 2014 534 2082; x_wconf 88' lang='grc'><strong><em>6,</em></strong></span> <span class='ocrx_word' id='word_1_141' title='bbox 558 2012 615 2070; x_wconf 82' lang='lat'><strong><em>66:</em></strong></span> <span class='ocrx_word' id='word_1_142' title='bbox 643 2011 790 2070; x_wconf 73' lang='lat' dir='ltr'><strong><em>«Munera</em></strong></span> <span class='ocrx_word' id='word_1_143' title='bbox 812 2010 973 2084; x_wconf 85' lang='lat' dir='ltr'><strong><em>promissis</em></strong></span> <span class='ocrx_word' id='word_1_144' title='bbox 1002 2008 1144 2067; x_wconf 80' lang='lat' dir='ltr'><strong><em>uberiora</em></strong></span> <span class='ocrx_word' id='word_1_145' title='bbox 1174 2005 1276 2079; x_wconf 74' lang='lat' dir='ltr'><strong><em>fores»</em></strong></span> <span class='ocrx_word' id='word_1_146' title='bbox 1315 2008 1349 2062; x_wconf 86' lang='lat' dir='ltr'><strong><em>et</em></strong></span> 
     </span>
     <span class='ocr_line' id='line_1_17' title="bbox 205 2119 1348 2195; baseline -0.001 -16"><span class='ocrx_word' id='word_1_147' title='bbox 205 2121 297 2195; x_wconf 89' lang='lat' dir='ltr'><strong><em>Prop.</em></strong></span> <span class='ocrx_word' id='word_1_148' title='bbox 319 2120 373 2179; x_wconf 89' lang='lat' dir='ltr'><strong><em>IV.</em></strong></span> <span class='ocrx_word' id='word_1_149' title='bbox 396 2122 422 2190; x_wconf 88' lang='lat'><strong><em>5,</em></strong></span> <span class='ocrx_word' id='word_1_150' title='bbox 446 2121 583 2180; x_wconf 71' lang='lat'>53-54:</span> <span class='ocrx_word' id='word_1_151' title='bbox 611 2120 744 2178; x_wconf 76' lang='lat' dir='ltr'><strong><em>«Aurum</em></strong></span> <span class='ocrx_word' id='word_1_152' title='bbox 767 2120 913 2193; x_wconf 85' lang='lat' dir='ltr'><strong><em>speetat0,</em></strong></span> <span class='ocrx_word' id='word_1_153' title='bbox 936 2136 1001 2174; x_wconf 93' lang='lat' dir='ltr'><strong><em>non</em></strong></span> <span class='ocrx_word' id='word_1_154' title='bbox 1025 2136 1090 2191; x_wconf 88' lang='lat' dir='ltr'><strong><em>quae</em></strong></span> <span class='ocrx_word' id='word_1_155' title='bbox 1120 2137 1236 2177; x_wconf 91' lang='lat' dir='ltr'><strong><em>manus</em></strong></span> <span class='ocrx_word' id='word_1_156' title='bbox 1270 2119 1348 2178; x_wconf 87' lang='lat' dir='ltr'><strong><em>affe-</em></strong></span> 
     </span>
     <span class='ocr_line' id='line_1_18' title="bbox 205 2223 1347 2300; baseline 0.003 -16"><span class='ocrx_word' id='word_1_157' title='bbox 205 2229 254 2284; x_wconf 87' lang='lat' dir='ltr'><strong><em>rat</em></strong></span> <span class='ocrx_word' id='word_1_158' title='bbox 275 2246 404 2285; x_wconf 87' lang='lat' dir='ltr'><strong><em>aurum:</em></strong></span> <span class='ocrx_word' id='word_1_159' title='bbox 426 2227 574 2286; x_wconf 87' lang='lat' dir='ltr'><strong><em>Versibus</em></strong></span> <span class='ocrx_word' id='word_1_160' title='bbox 605 2227 720 2286; x_wconf 85' lang='lat' dir='ltr'><strong><em>auditis</em></strong></span> <span class='ocrx_word' id='word_1_161' title='bbox 752 2224 825 2300; x_wconf 91' lang='lat' dir='ltr'><strong><em>quid</em></strong></span> <span class='ocrx_word' id='word_1_162' title='bbox 856 2223 918 2283; x_wconf 86' lang='lat' dir='ltr'><strong><em>nisi</em></strong></span> <span class='ocrx_word' id='word_1_163' title='bbox 938 2223 1031 2283; x_wconf 83' lang='lat' dir='ltr'><strong><em>verba</em></strong></span> <span class='ocrx_word' id='word_1_164' title='bbox 1051 2226 1175 2300; x_wconf 72' lang='lat' dir='ltr'><strong><em>forest»</em></strong></span> <span class='ocrx_word' id='word_1_165' title='bbox 1202 2226 1254 2286; x_wconf 69' lang='lat'><strong><em>72.</em></strong></span> <span class='ocrx_word' id='word_1_166' title='bbox 1279 2229 1324 2287; x_wconf 81' lang='lat' dir='ltr'><strong><em>At</em></strong></span> <span class='ocrx_word' id='word_1_167' title='bbox 1338 2251 1347 2289; x_wconf 95' lang='grc'><strong><em>.·</em></strong></span> 
     </span>
     <span class='ocr_line' id='line_1_19' title="bbox 205 2331 1348 2408; baseline 0.003 -17"><span class='ocrx_word' id='word_1_168' title='bbox 205 2334 330 2408; x_wconf 82' lang='lat' dir='ltr'><strong><em>vulgata</em></strong></span> <span class='ocrx_word' id='word_1_169' title='bbox 350 2335 441 2393; x_wconf 92' lang='lat' dir='ltr'><strong><em>leotio</em></strong></span> <span class='ocrx_word' id='word_1_170' title='bbox 464 2369 502 2377; x_wconf 87' lang='lat'>—</span> <span class='ocrx_word' id='word_1_171' title='bbox 524 2337 585 2395; x_wconf 82' lang='lat' dir='ltr'><strong><em>Et:</em></strong></span> <span class='ocrx_word' id='word_1_172' title='bbox 606 2334 638 2392; x_wconf 92' lang='lat' dir='ltr'><strong><em>P.</em></strong></span> <span class='ocrx_word' id='word_1_173' title='bbox 663 2333 825 2393; x_wconf 80' lang='lat' dir='ltr'><strong><em>Sententia</em></strong></span> <span class='ocrx_word' id='word_1_174' title='bbox 840 2331 1093 2391; x_wconf 85' lang='lat' dir='ltr'><strong><em>ooniunotionem</em></strong></span> <span class='ocrx_word' id='word_1_175' title='bbox 1108 2333 1348 2394; x_wconf 82' lang='lat' dir='ltr'><strong><em>adversativam</em></strong></span> 
     </span>
     <span class='ocr_line' id='line_1_20' title="bbox 206 2441 513 2517; baseline 0.007 -18"><span class='ocrx_word' id='word_1_176' title='bbox 206 2442 362 2517; x_wconf 87' lang='lat' dir='ltr'><strong><em>postulare</em></strong></span> <span class='ocrx_word' id='word_1_177' title='bbox 383 2441 513 2501; x_wconf 87' lang='lat' dir='ltr'><strong><em>videtur.</em></strong></span> 
     </span>
    </p>

    <p class='ocr_par' dir='ltr' id='par_1_4' title="bbox 259 2545 1350 2624">
     <span class='ocr_line' id='line_1_21' title="bbox 259 2545 1350 2624; baseline 0 -18"><span class='ocrx_word' id='word_1_178' title='bbox 259 2547 297 2606; x_wconf 73' lang='lat' dir='ltr'>X</span> <span class='ocrx_word' id='word_1_179' title='bbox 321 2548 347 2605; x_wconf 87' lang='lat'><strong><em>5.</em></strong></span> <span class='ocrx_word' id='word_1_180' title='bbox 370 2548 484 2623; x_wconf 74' lang='lat' dir='ltr'><strong><em>Arpis:</em></strong></span> <span class='ocrx_word' id='word_1_181' title='bbox 508 2548 641 2606; x_wconf 85' lang='lat' dir='ltr'><strong><em>eonieoit</em></strong></span> <span class='ocrx_word' id='word_1_182' title='bbox 662 2547 825 2605; x_wconf 88' lang='lat' dir='ltr'><strong><em>Burmann</em></strong></span> <span class='ocrx_word' id='word_1_183' title='bbox 846 2580 886 2586; x_wconf 90' lang='lat'><strong><em>--</em></strong></span> <span class='ocrx_word' id='word_1_184' title='bbox 907 2546 1014 2620; x_wconf 73' lang='lat' dir='ltr'><strong><em>apris:</em></strong></span> <span class='ocrx_word' id='word_1_185' title='bbox 1037 2545 1164 2605; x_wconf 86' lang='lat' dir='ltr'><strong><em>oodioes.</em></strong></span> <span class='ocrx_word' id='word_1_186' title='bbox 1183 2545 1230 2605; x_wconf 78' lang='lat' dir='ltr'><strong><em>Of.</em></strong></span> <span class='ocrx_word' id='word_1_187' title='bbox 1249 2547 1350 2624; x_wconf 88' lang='lat' dir='ltr'><strong><em>Prop.</em></strong></span> 
     </span>
    </p>
   </div>
   <div class='ocr_carea' id='block_1_3' title="bbox 207 2652 1351 2943">
    <p class='ocr_par' dir='ltr' id='par_1_5' title="bbox 207 2652 1351 2943">
     <span class='ocr_line' id='line_1_22' title="bbox 207 2652 1351 2734; baseline 0.003 -22"><span class='ocrx_word' id='word_1_188' title='bbox 207 2655 247 2712; x_wconf 89' lang='lat' dir='ltr'><strong><em>H.</em></strong></span> <span class='ocrx_word' id='word_1_189' title='bbox 272 2655 319 2726; x_wconf 72' lang='lat' dir='ltr'><strong><em>tt,</em></strong></span> <span class='ocrx_word' id='word_1_190' title='bbox 341 2653 481 2713; x_wconf 73' lang='lat'>47—50:</span> <span class='ocrx_word' id='word_1_191' title='bbox 508 2653 623 2712; x_wconf 66' lang='lat' dir='ltr'><strong><em>«Testis</em></strong></span> <span class='ocrx_word' id='word_1_192' title='bbox 645 2652 827 2729; x_wconf 69' lang='lat' dir='ltr'><strong><em>Ammona,</em></strong></span> <span class='ocrx_word' id='word_1_193' title='bbox 851 2654 957 2713; x_wconf 80' lang='lat' dir='ltr'><strong><em>latices</em></strong></span> <span class='ocrx_word' id='word_1_194' title='bbox 983 2673 1053 2714; x_wconf 89' lang='lat' dir='ltr'><strong><em>oum</em></strong></span> <span class='ocrx_word' id='word_1_195' title='bbox 1075 2655 1169 2714; x_wconf 88' lang='lat' dir='ltr'><strong><em>ferret</em></strong></span> <span class='ocrx_word' id='word_1_196' title='bbox 1188 2656 1226 2714; x_wconf 91' lang='lat' dir='ltr'><strong><em>in</em></strong></span> <span class='ocrx_word' id='word_1_197' title='bbox 1250 2659 1351 2734; x_wconf 70' lang='lat' dir='ltr'><strong><em>Arpis</em></strong></span> 
     </span>
     <span class='ocr_line' id='line_1_23' title="bbox 208 2757 1349 2843; baseline 0.005 -23"><span class='ocrx_word' id='word_1_198' title='bbox 208 2761 406 2837; x_wconf 67' lang='lat' dir='ltr'><strong><em>Compressan</em></strong></span> <span class='ocrx_word' id='word_1_199' title='bbox 433 2764 464 2819; x_wconf 87' lang='lat' dir='ltr'><strong><em>et</em></strong></span> <span class='ocrx_word' id='word_1_200' title='bbox 484 2761 613 2819; x_wconf 86' lang='lat' dir='ltr'><strong><em>Luoian.</em></strong></span> <span class='ocrx_word' id='word_1_201' title='bbox 643 2760 725 2818; x_wconf 87' lang='lat' dir='ltr'><strong><em>Dial.</em></strong></span> <span class='ocrx_word' id='word_1_202' title='bbox 748 2779 824 2820; x_wconf 91' lang='lat' dir='ltr'><strong><em>mar.</em></strong></span> <span class='ocrx_word' id='word_1_203' title='bbox 848 2762 875 2831; x_wconf 89' lang='grc'><strong><em>6,</em></strong></span> <span class='ocrx_word' id='word_1_204' title='bbox 899 2762 936 2820; x_wconf 74' lang='lat'><strong><em>⁶2:</em></strong></span> <span class='ocrx_word' id='word_1_205' title='bbox 958 2759 1147 2841; x_wconf 71' lang='grc' dir='ltr'><em>πολυδίψιον</em></span> <span class='ocrx_word' id='word_1_206' title='bbox 1166 2761 1204 2821; x_wconf 87' lang='grc' dir='ltr'><strong><em>τὸ</em></strong></span> <span class='ocrx_word' id='word_1_207' title='bbox 1222 2757 1349 2843; x_wconf 75' lang='grc' dir='ltr'><em>Ἄργος.</em></span> 
     </span>
     <span class='ocr_line' id='line_1_24' title="bbox 260 2867 1351 2943; baseline 0.005 -17"><span class='ocrx_word' id='word_1_208' title='bbox 260 2867 332 2927; x_wconf 84' lang='lat' dir='ltr'><strong><em>XII.</em></strong></span> <span class='ocrx_word' id='word_1_209' title='bbox 357 2869 402 2928; x_wconf 85' lang='lat'><strong><em>19.</em></strong></span> <span class='ocrx_word' id='word_1_210' title='bbox 425 2870 548 2928; x_wconf 75' lang='lat' dir='ltr'><strong><em>rororis:</em></strong></span> <span class='ocrx_word' id='word_1_211' title='bbox 571 2868 662 2927; x_wconf 80' lang='lat' dir='ltr'><strong><em>leutio</em></strong></span> <span class='ocrx_word' id='word_1_212' title='bbox 684 2870 822 2943; x_wconf 83' lang='lat' dir='ltr'><strong><em>vulgata;</em></strong></span> <span class='ocrx_word' id='word_1_213' title='bbox 845 2871 946 2930; x_wconf 80' lang='lat' dir='ltr'><strong><em>rosis:</em></strong></span> <span class='ocrx_word' id='word_1_214' title='bbox 967 2871 992 2929; x_wconf 94' lang='lat' dir='ltr'>P</span> <span class='ocrx_word' id='word_1_215' title='bbox 1013 2904 1053 2912; x_wconf 91' lang='lat'>—</span> <span class='ocrx_word' id='word_1_216' title='bbox 1072 2871 1174 2930; x_wconf 78' lang='lat' dir='ltr'><strong><em>runis:</em></strong></span> <span class='ocrx_word' id='word_1_217' title='bbox 1188 2871 1226 2930; x_wconf 90' lang='lat' dir='ltr'><strong><em>N.</em></strong></span> <span class='ocrx_word' id='word_1_218' title='bbox 1244 2873 1351 2931; x_wconf 86' lang='lat' dir='ltr'><strong><em>Hein-</em></strong></span> 
     </span>
    </p>
   </div>
   <div class='ocr_carea' id='block_1_4' title="bbox 208 2974 1355 4120">
    <p class='ocr_par' dir='ltr' id='par_1_6' title="bbox 208 2974 1353 3568">
     <span class='ocr_line' id='line_1_25' title="bbox 209 2974 1351 3052; baseline 0.006 -20"><span class='ocrx_word' id='word_1_219' title='bbox 209 2974 280 3033; x_wconf 84' lang='lat' dir='ltr'><strong><em>sius.</em></strong></span> <span class='ocrx_word' id='word_1_220' title='bbox 303 2975 414 3050; x_wconf 81' lang='lat' dir='ltr'><strong><em>Agitur</em></strong></span> <span class='ocrx_word' id='word_1_221' title='bbox 436 2975 473 3034; x_wconf 94' lang='lat' dir='ltr'><strong><em>de</em></strong></span> <span class='ocrx_word' id='word_1_222' title='bbox 493 2976 665 3035; x_wconf 91' lang='lat' dir='ltr'><strong><em>iniuoundo</em></strong></span> <span class='ocrx_word' id='word_1_223' title='bbox 696 2974 829 3036; x_wconf 88' lang='lat' dir='ltr'><strong><em>bubonis</em></strong></span> <span class='ocrx_word' id='word_1_224' title='bbox 861 2996 956 3047; x_wconf 90' lang='lat' dir='ltr'><strong><em>sono;</em></strong></span> <span class='ocrx_word' id='word_1_225' title='bbox 988 2977 1024 3037; x_wconf 90' lang='lat' dir='ltr'><strong><em>of.</em></strong></span> <span class='ocrx_word' id='word_1_226' title='bbox 1055 2977 1144 3052; x_wconf 86' lang='lat' dir='ltr'><strong><em>Verg.</em></strong></span> <span class='ocrx_word' id='word_1_227' title='bbox 1176 2977 1257 3038; x_wconf 87' lang='lat' dir='ltr'><strong><em>Aen.</em></strong></span> <span class='ocrx_word' id='word_1_228' title='bbox 1291 2980 1351 3039; x_wconf 73' lang='grc' dir='ltr'><strong><em>Π.</em></strong></span> 
     </span>
     <span class='ocr_line' id='line_1_26' title="bbox 208 3081 1351 3161; baseline 0.005 -21"><span class='ocrx_word' id='word_1_229' title='bbox 208 3083 388 3141; x_wconf 72' lang='lat' dir='ltr'><strong><em>lot-463:</em></strong></span> <span class='ocrx_word' id='word_1_230' title='bbox 415 3081 564 3159; x_wconf 73' lang='lat' dir='ltr'><strong><em>«Solaque</em></strong></span> <span class='ocrx_word' id='word_1_231' title='bbox 586 3081 774 3141; x_wconf 84' lang='lat' dir='ltr'><strong><em>eulminibus</em></strong></span> <span class='ocrx_word' id='word_1_232' title='bbox 795 3083 882 3142; x_wconf 88' lang='lat' dir='ltr'><strong><em>ferali</em></strong></span> <span class='ocrx_word' id='word_1_233' title='bbox 900 3083 1037 3143; x_wconf 82' lang='lat' dir='ltr'><strong><em>earmina</em></strong></span> <span class='ocrx_word' id='word_1_234' title='bbox 1052 3083 1132 3150; x_wconf 90' lang='lat' dir='ltr'><strong><em>bubo</em></strong></span> <span class='ocrx_word' id='word_1_235' title='bbox 1148 3082 1239 3159; x_wconf 74' lang='lat' dir='ltr'><strong><em>sape</em></strong></span> <span class='ocrx_word' id='word_1_236' title='bbox 1256 3089 1351 3161; x_wconf 89' lang='lat' dir='ltr'><strong><em>queri</em></strong></span> 
     </span>
     <span class='ocr_line' id='line_1_27' title="bbox 209 3188 1351 3262; baseline 0.004 -16"><span class='ocrx_word' id='word_1_237' title='bbox 209 3192 240 3246; x_wconf 93' lang='lat' dir='ltr'><strong><em>et</em></strong></span> <span class='ocrx_word' id='word_1_238' title='bbox 269 3189 378 3262; x_wconf 82' lang='lat' dir='ltr'><strong><em>longas</em></strong></span> <span class='ocrx_word' id='word_1_239' title='bbox 409 3190 443 3247; x_wconf 89' lang='lat' dir='ltr'><strong><em>in</em></strong></span> <span class='ocrx_word' id='word_1_240' title='bbox 473 3188 580 3248; x_wconf 89' lang='lat' dir='ltr'><strong><em>fletum</em></strong></span> <span class='ocrx_word' id='word_1_241' title='bbox 611 3189 720 3248; x_wconf 88' lang='lat' dir='ltr'><strong><em>duoere</em></strong></span> <span class='ocrx_word' id='word_1_242' title='bbox 750 3208 856 3249; x_wconf 71' lang='lat' dir='ltr'><strong><em>voees»</em></strong></span> <span class='ocrx_word' id='word_1_243' title='bbox 892 3192 923 3248; x_wconf 88' lang='lat' dir='ltr'><strong><em>et</em></strong></span> <span class='ocrx_word' id='word_1_244' title='bbox 952 3189 1026 3249; x_wconf 93' lang='lat' dir='ltr'><strong><em>ibid.</em></strong></span> <span class='ocrx_word' id='word_1_245' title='bbox 1057 3189 1126 3248; x_wconf 87' lang='lat' dir='ltr'><strong><em>XII</em></strong></span> <span class='ocrx_word' id='word_1_246' title='bbox 1159 3189 1351 3252; x_wconf 70' lang='lat'>863-8642</span> 
     </span>
     <span class='ocr_line' id='line_1_28' title="bbox 213 3293 1351 3373; baseline 0.007 -23"><span class='ocrx_word' id='word_1_247' title='bbox 213 3297 303 3368; x_wconf 68' lang='lat' dir='ltr'><strong><em>«Qua</em></strong></span> <span class='ocrx_word' id='word_1_248' title='bbox 327 3293 482 3373; x_wconf 91' lang='lat' dir='ltr'><strong><em>quondam</em></strong></span> <span class='ocrx_word' id='word_1_249' title='bbox 503 3297 537 3353; x_wconf 92' lang='lat' dir='ltr'><strong><em>in</em></strong></span> <span class='ocrx_word' id='word_1_250' title='bbox 558 3295 658 3354; x_wconf 88' lang='lat' dir='ltr'><strong><em>bustis</em></strong></span> <span class='ocrx_word' id='word_1_251' title='bbox 680 3298 710 3354; x_wconf 90' lang='lat' dir='ltr'><strong><em>et</em></strong></span> <span class='ocrx_word' id='word_1_252' title='bbox 732 3295 918 3354; x_wconf 88' lang='lat' dir='ltr'><strong><em>oulminibus</em></strong></span> <span class='ocrx_word' id='word_1_253' title='bbox 941 3295 1071 3355; x_wconf 86' lang='lat' dir='ltr'><strong><em>desertis</em></strong></span> <span class='ocrx_word' id='word_1_254' title='bbox 1100 3296 1196 3356; x_wconf 86' lang='lat' dir='ltr'><strong><em>Noote</em></strong></span> <span class='ocrx_word' id='word_1_255' title='bbox 1229 3299 1351 3358; x_wconf 88' lang='lat' dir='ltr'><strong><em>sedens</em></strong></span> 
     </span>
     <span class='ocr_line' id='line_1_29' title="bbox 211 3400 1353 3477; baseline 0.004 -16"><span class='ocrx_word' id='word_1_256' title='bbox 211 3421 314 3461; x_wconf 89' lang='lat' dir='ltr'><strong><em>serum</em></strong></span> <span class='ocrx_word' id='word_1_257' title='bbox 336 3404 421 3461; x_wconf 80' lang='lat' dir='ltr'><strong><em>canit</em></strong></span> <span class='ocrx_word' id='word_1_258' title='bbox 441 3404 622 3477; x_wconf 90' lang='lat' dir='ltr'><strong><em>importuna</em></strong></span> <span class='ocrx_word' id='word_1_259' title='bbox 643 3421 699 3476; x_wconf 91' lang='lat' dir='ltr'><strong><em>per</em></strong></span> <span class='ocrx_word' id='word_1_260' title='bbox 721 3400 872 3461; x_wconf 73' lang='lat' dir='ltr'><strong><em>umbras.»</em></strong></span> <span class='ocrx_word' id='word_1_261' title='bbox 897 3403 1015 3463; x_wconf 86' lang='lat' dir='ltr'><strong><em>Eadem</em></strong></span> <span class='ocrx_word' id='word_1_262' title='bbox 1038 3403 1074 3461; x_wconf 88' lang='lat' dir='ltr'><strong><em>de</em></strong></span> <span class='ocrx_word' id='word_1_263' title='bbox 1106 3421 1212 3465; x_wconf 78' lang='lat' dir='ltr'><strong><em>eausa.</em></strong></span> <span class='ocrx_word' id='word_1_264' title='bbox 1230 3403 1353 3465; x_wconf 82' lang='lat' dir='ltr'><strong><em>dieitur·</em></strong></span> 
     </span>
     <span class='ocr_line' id='line_1_30' title="bbox 209 3511 448 3568; baseline 0 -1"><span class='ocrx_word' id='word_1_265' title='bbox 209 3529 310 3567; x_wconf 75' lang='lat' dir='ltr'><strong><em>mauu</em></strong></span> <span class='ocrx_word' id='word_1_266' title='bbox 332 3511 448 3568; x_wconf 82' lang='lat' dir='ltr'><strong><em>oornix.</em></strong></span> 
     </span>
    </p>

    <p class='ocr_par' dir='ltr' id='par_1_7' title="bbox 210 3615 1355 4120">
     <span class='ocr_line' id='line_1_31' title="bbox 263 3615 1352 3690; baseline 0.004 -17"><span class='ocrx_word' id='word_1_267' title='bbox 263 3615 352 3674; x_wconf 89' lang='lat' dir='ltr'>XIII.</span> <span class='ocrx_word' id='word_1_268' title='bbox 377 3617 402 3674; x_wconf 86' lang='lat'><strong><em>1.</em></strong></span> <span class='ocrx_word' id='word_1_269' title='bbox 425 3636 446 3675; x_wconf 88' lang='lat' dir='ltr'><strong><em>o</em></strong></span> <span class='ocrx_word' id='word_1_270' title='bbox 467 3617 588 3674; x_wconf 77' lang='lat' dir='ltr'><strong><em>sortiore</em></strong></span> <span class='ocrx_word' id='word_1_271' title='bbox 612 3617 725 3674; x_wconf 76' lang='lat' dir='ltr'><strong><em>trtorito</em></strong></span> <span class='ocrx_word' id='word_1_272' title='bbox 736 3638 745 3675; x_wconf 93' lang='lat'><em>:</em></span> <span class='ocrx_word' id='word_1_273' title='bbox 766 3617 891 3690; x_wconf 84' lang='lat' dir='ltr'><strong><em>vulgata</em></strong></span> <span class='ocrx_word' id='word_1_274' title='bbox 910 3617 1000 3675; x_wconf 80' lang='lat' dir='ltr'><strong><em>leotIo</em></strong></span> <span class='ocrx_word' id='word_1_275' title='bbox 1016 3650 1055 3658; x_wconf 86' lang='lat'>—</span> <span class='ocrx_word' id='word_1_276' title='bbox 1069 3616 1190 3674; x_wconf 87' lang='lat' dir='ltr'><strong><em>souiore</em></strong></span> <span class='ocrx_word' id='word_1_277' title='bbox 1205 3620 1330 3677; x_wconf 78' lang='lat' dir='ltr'><strong><em>morito</em></strong></span> <span class='ocrx_word' id='word_1_278' title='bbox 1342 3641 1352 3678; x_wconf 89' lang='lat'><strong><em>.·</em></strong></span> 
     </span>
     <span class='ocr_line' id='line_1_32' title="bbox 210 3721 1352 3798; baseline 0.003 -16"><span class='ocrx_word' id='word_1_279' title='bbox 210 3721 264 3782; x_wconf 85' lang='lat' dir='ltr'><strong><em>PS.</em></strong></span> <span class='ocrx_word' id='word_1_280' title='bbox 290 3722 332 3782; x_wconf 81' lang='lat' dir='ltr'><strong><em>of.</em></strong></span> <span class='ocrx_word' id='word_1_281' title='bbox 356 3723 445 3798; x_wconf 85' lang='lat' dir='ltr'><strong><em>Verg.</em></strong></span> <span class='ocrx_word' id='word_1_282' title='bbox 468 3722 545 3781; x_wconf 86' lang='lat' dir='ltr'><strong><em>Aen.</em></strong></span> <span class='ocrx_word' id='word_1_283' title='bbox 566 3723 618 3783; x_wconf 90' lang='lat' dir='ltr'><strong><em>IV.</em></strong></span> <span class='ocrx_word' id='word_1_284' title='bbox 642 3724 719 3782; x_wconf 79' lang='lat'>585:</span> <span class='ocrx_word' id='word_1_285' title='bbox 747 3724 889 3782; x_wconf 73' lang='lat' dir='ltr'><strong><em>«Tithoni</em></strong></span> <span class='ocrx_word' id='word_1_286' title='bbox 905 3742 1047 3782; x_wconf 87' lang='lat' dir='ltr'><strong><em>orooaum</em></strong></span> <span class='ocrx_word' id='word_1_287' title='bbox 1061 3722 1208 3798; x_wconf 88' lang='lat' dir='ltr'><strong><em>linquens</em></strong></span> <span class='ocrx_word' id='word_1_288' title='bbox 1222 3725 1352 3785; x_wconf 89' lang='lat' dir='ltr'><strong><em>Aurora</em></strong></span> 
     </span>
     <span class='ocr_line' id='line_1_33' title="bbox 210 3829 1354 3906; baseline 0.003 -19"><span class='ocrx_word' id='word_1_289' title='bbox 210 3830 337 3888; x_wconf 79' lang='lat' dir='ltr'><strong><em>cubile.»</em></strong></span> <span class='ocrx_word' id='word_1_290' title='bbox 367 3830 412 3888; x_wconf 86' lang='lat'><strong><em>19.</em></strong></span> <span class='ocrx_word' id='word_1_291' title='bbox 435 3834 545 3890; x_wconf 78' lang='lat' dir='ltr'><strong><em>oudam</em></strong></span> <span class='ocrx_word' id='word_1_292' title='bbox 566 3849 717 3906; x_wconf 82' lang='lat' dir='ltr'><strong><em>spousum</em></strong></span> <span class='ocrx_word' id='word_1_293' title='bbox 739 3833 874 3890; x_wconf 81' lang='lat' dir='ltr'><strong><em>multos:</em></strong></span> <span class='ocrx_word' id='word_1_294' title='bbox 907 3831 1033 3906; x_wconf 72' lang='lat' dir='ltr'><strong><em>sempsit</em></strong></span> <span class='ocrx_word' id='word_1_295' title='bbox 1062 3829 1201 3901; x_wconf 85' lang='lat' dir='ltr'><strong><em>With0f;</em></strong></span> <span class='ocrx_word' id='word_1_296' title='bbox 1234 3834 1354 3892; x_wconf 85' lang='lat' dir='ltr'><strong><em>eodem</em></strong></span> 
     </span>
     <span class='ocr_line' id='line_1_34' title="bbox 210 3935 1353 4016; baseline 0.003 -22"><span class='ocrx_word' id='word_1_297' title='bbox 210 3956 361 4012; x_wconf 79' lang='lat' dir='ltr'><strong><em>sponsum</em></strong></span> <span class='ocrx_word' id='word_1_298' title='bbox 383 3938 500 3997; x_wconf 80' lang='lat' dir='ltr'><strong><em>cultos:</em></strong></span> <span class='ocrx_word' id='word_1_299' title='bbox 523 3938 548 3996; x_wconf 93' lang='lat' dir='ltr'>P</span> <span class='ocrx_word' id='word_1_300' title='bbox 569 3971 608 3979; x_wconf 95' lang='lat'>—</span> <span class='ocrx_word' id='word_1_301' title='bbox 628 3941 721 3998; x_wconf 78' lang='lat' dir='ltr'><strong><em>nodos</em></strong></span> <span class='ocrx_word' id='word_1_302' title='bbox 742 3957 892 4013; x_wconf 80' lang='lat' dir='ltr'><strong><em>sponsum</em></strong></span> <span class='ocrx_word' id='word_1_303' title='bbox 913 3939 1044 3997; x_wconf 80' lang='lat' dir='ltr'><strong><em>stultos:</em></strong></span> <span class='ocrx_word' id='word_1_304' title='bbox 1059 3935 1199 3996; x_wconf 85' lang='lat' dir='ltr'><strong><em>Ehwald.</em></strong></span> <span class='ocrx_word' id='word_1_305' title='bbox 1219 3937 1353 4016; x_wconf 83' lang='lat' dir='ltr'><strong><em>Simpli-</em></strong></span> 
     </span>
     <span class='ocr_line' id='line_1_35' title="bbox 212 4043 1355 4120; baseline 0.003 -18"><span class='ocrx_word' id='word_1_306' title='bbox 212 4045 278 4102; x_wconf 88' lang='lat' dir='ltr'><strong><em>oior</em></strong></span> <span class='ocrx_word' id='word_1_307' title='bbox 310 4046 356 4102; x_wconf 89' lang='lat' dir='ltr'><strong><em>est</em></strong></span> <span class='ocrx_word' id='word_1_308' title='bbox 377 4044 529 4106; x_wconf 77' lang='lat' dir='ltr'><strong><em>withofii</em></strong></span> <span class='ocrx_word' id='word_1_309' title='bbox 561 4043 738 4102; x_wconf 84' lang='lat' dir='ltr'><strong><em>emendatio</em></strong></span> <span class='ocrx_word' id='word_1_310' title='bbox 774 4063 874 4120; x_wconf 88' lang='lat' dir='ltr'><strong><em>neque</em></strong></span> <span class='ocrx_word' id='word_1_311' title='bbox 906 4044 999 4103; x_wconf 87' lang='lat' dir='ltr'><strong><em>vades</em></strong></span> <span class='ocrx_word' id='word_1_312' title='bbox 1031 4047 1113 4104; x_wconf 85' lang='lat' dir='ltr'><strong><em>reate</em></strong></span> <span class='ocrx_word' id='word_1_313' title='bbox 1145 4048 1355 4120; x_wconf 84' lang='lat' dir='ltr'><strong><em>appellantur</em></strong></span> 
     </span>
    </p>
   </div>
   <div class='ocr_carea' id='block_1_5' title="bbox 210 4150 1353 4226">
    <p class='ocr_par' dir='ltr' id='par_1_8' title="bbox 210 4150 1353 4226">
     <span class='ocr_line' id='line_1_36' title="bbox 210 4150 1353 4226; baseline 0.003 -17"><span class='ocrx_word' id='word_1_314' title='bbox 210 4152 320 4217; x_wconf 78' lang='lat' dir='ltr'><strong><em>stulti:</em></strong></span> <span class='ocrx_word' id='word_1_315' title='bbox 344 4153 515 4209; x_wconf 83' lang='lat' dir='ltr'><strong><em>eratenim</em></strong></span> <span class='ocrx_word' id='word_1_316' title='bbox 537 4153 689 4225; x_wconf 78' lang='lat' dir='ltr'><strong><em>spondero</em></strong></span> <span class='ocrx_word' id='word_1_317' title='bbox 720 4150 802 4226; x_wconf 90' lang='lat' dir='ltr'><strong><em>apud</em></strong></span> <span class='ocrx_word' id='word_1_318' title='bbox 831 4152 989 4211; x_wconf 88' lang='lat' dir='ltr'><strong><em>Romanos</em></strong></span> <span class='ocrx_word' id='word_1_319' title='bbox 1020 4152 1165 4211; x_wconf 74' lang='lat' dir='ltr'><strong><em>amititia</em></strong></span> <span class='ocrx_word' id='word_1_320' title='bbox 1197 4151 1353 4224; x_wconf 85' lang='lat' dir='ltr'><strong><em>offioium,</em></strong></span> 
     </span>
    </p>
   </div>
   <div class='ocr_carea' id='block_1_6' title="bbox 0 0 1460 4754">
    <p class='ocr_par' dir='ltr' id='par_1_9' title="bbox 0 0 1460 4754">
     <span class='ocr_line' id='line_1_37' title="bbox 0 0 1460 4754; baseline 0 0"><span class='ocrx_word' id='word_1_321' title='bbox 0 0 1460 4754; x_wconf 95' lang='lat' dir='ltr'><strong><em> </em></strong></span> 
     </span>
    </p>
   </div>
  </div>
 </body>
</html>
