2896 4754
587 339 722 384 AMORUM
741 339 776 382 11.
799 336 842 382 11.

292 518 335 581 Et
358 508 465 601 prope
483 521 553 580 tam
576 516 690 593 letum,
716 537 815 598 quam
839 536 942 598 prope
968 515 1073 579 cernit
1097 536 1232 598 aquam.

250 632 346 711 Quod
370 635 398 697 si
422 653 600 696 concussas
625 632 739 696 Triton
764 634 935 714 exasperet
958 629 1075 705 undas,

294 748 401 827 Quam
424 749 486 813 tibi
510 750 553 811 sit
575 750 647 811 tcto
671 747 784 811 nullus
809 748 845 810 in
870 767 925 810 cre
950 746 1059 810 color!

249 865 332 928 Tum
355 885 518 947 generosa
540 885 638 928 voces
664 863 813 926 fecunda
838 862 948 927 sidera
971 862 1069 925 Ledae

203 1011 232 1047 so
292 982 334 1045 Et
362 981 490 1057 «felix»,
517 981 607 1045 dicas
636 1001 754 1063 «quem
779 1001 839 1043 sua
861 984 952 1044 terra
974 982 1105 1044 teneti»

249 1097 365 1161 Tutius
390 1100 440 1160 est
463 1097 585 1160 fovisse
609 1099 729 1172 torum,
755 1095 878 1176 legisse
903 1095 1045 1172 libellos,

293 1211 478 1274 Threiciam
502 1211 615 1293 digitis
639 1211 845 1292 increpuisse
869 1211 987 1293 lyram.

248 1328 298 1404 At,
326 1328 355 1390 si
377 1348 464 1390 vana
487 1330 598 1392 ferunt
620 1328 772 1391 volucres
796 1346 872 1390 mea
896 1327 984 1390 dicta
1010 1328 1175 1409 procellae,

293 1446 406 1527 Aequa
429 1448 543 1508 tamen
566 1446 672 1527 puppi
697 1446 740 1508 sit
764 1443 905 1508 Galatea
927 1445 1013 1509 tuae!

203 1590 231 1624 a
248 1560 403 1623 Vestrum
427 1561 553 1623 crimen
577 1561 641 1623 erit
662 1561 741 1623 talis
765 1561 892 1623 iactura
915 1560 1044 1640 puellae,

293 1675 516 1758 Nereidesque
542 1675 610 1739 deae
634 1674 877 1758 Nereidumque
902 1679 1006 1757 pater.

248 1789 338 1855 Vade
361 1811 491 1854 memor
513 1792 620 1854 nostri
643 1796 743 1855 vento
767 1790 914 1854 reditura
938 1789 1092 1863 secunde,

292 1907 425 1988 Inpleat
448 1907 508 1970 illa
530 1910 606 1970 tuos
631 1908 748 1970 fortier
772 1926 853 1969 aura
877 1908 992 1971 sinus!

249 2022 332 2084 Tum
355 2044 446 2086 mare
470 2024 506 2086 in
529 2024 600 2086 haec
623 2043 764 2104 magnus
780 2023 946 2104 proclinet
969 2022 1069 2084 litora
1092 2022 1230 2098 Nereus,

204 2167 233 2203 rc
294 2138 369 2201 Huc
392 2140 484 2202 venti
508 2139 644 2221 spirent,
671 2140 736 2201 huc
760 2142 838 2219 agat
861 2141 961 2202 aestus
986 2140 1110 2220 aquas!

249 2254 327 2335 Ipsa
350 2274 454 2335 roges,
480 2254 623 2337 Zephyri
646 2255 784 2318 veniant
807 2255 845 2317 in
869 2256 974 2318 lintea
998 2256 1070 2330 soli,

294 2368 373 2450 Ipsa
394 2373 454 2432 tua
476 2390 610 2433 moveas
633 2371 768 2452 turgida
790 2372 865 2434 vela
888 2392 1000 2434 manu.

250 2485 380 2548 Primus
405 2505 465 2566 ego
490 2484 672 2568 adspiciam
696 2489 812 2549 notam
837 2485 877 2548 de
900 2485 998 2549 litore
1022 2486 1163 2567 puppim

295 2599 338 2662 Et
361 2599 468 2663 dicam
497 2605 648 2665 «nostres
673 2600 808 2664 advehit
830 2601 891 2664 illa
915 2600 1012 2664 deos»

205 2745 232 2781 ra
249 2715 485 2798 Excipiamque
508 2717 633 2780 umeris
658 2721 691 2781 et
714 2718 821 2781 multa
845 2718 917 2780 sine
943 2716 1059 2781 ordine
1084 2736 1220 2799 carpam

296 2830 435 2896 Oscula:
458 2851 519 2913 pro
543 2831 651 2895 reditu
674 2833 810 2896 victima
832 2836 910 2896 vcta
935 2832 1035 2907 cadet,

249 2944 354 3028 Inque
377 2946 442 3010 tori
466 2949 608 3010 formam
631 2948 749 3010 molles
775 2952 966 3012 sternentur
987 2948 1131 3022 harenae,

293 3060 336 3123 Et
358 3062 507 3124 tumulus
531 3083 656 3125 mensae
681 3063 821 3144 quilibet
843 3063 951 3126 instar
975 3062 1046 3125 erit.

249 3175 323 3237 Illic
348 3175 499 3257 adposito
523 3177 675 3239 narrabis
698 3178 806 3240 multa
829 3177 948 3259 Lyaeo:

205 3321 233 3356 aa
295 3291 392 3355 Paene
417 3293 461 3356 sit
483 3296 521 3356 ut
544 3292 664 3356 mediis
689 3295 807 3356 obruta
830 3293 926 3357 navis
953 3294 1056 3375 aquis,

250 3406 403 3488 Dumque
427 3406 469 3470 ad
491 3430 544 3471 me
561 3429 728 3490 properas,
746 3431 854 3491 neque
870 3411 993 3493 iniqua
1009 3414 1161 3492 tempora
1177 3412 1290 3474 noctis

295 3520 362 3584 Nec
384 3524 417 3584 te
439 3523 626 3604 praecipites
651 3525 842 3588 extimuisse
865 3526 980 3590 Netos.

253 3634 374 3699 Omnia
397 3657 457 3719 pro
481 3640 568 3702 veris
593 3640 733 3715 credam,
757 3641 824 3704 sint
847 3639 924 3704 ficta
948 3641 1079 3704 licebit:

297 3751 362 3817 Our
385 3774 445 3836 ego
469 3776 539 3818 non
562 3757 649 3819 votis
672 3756 826 3820 blandiar
849 3758 920 3838 ipse
945 3758 1054 3820 meis?

204 3900 234 3936 ac
250 3870 330 3933 Haec
353 3873 439 3935 mihi
462 3874 709 3954 quamprimum
733 3876 812 3937 caelo
836 3873 1062 3937 nitidissimus
1086 3873 1155 3936 alto

295 3984 429 4049 Lucifer
452 3986 597 4051 admisso
622 3992 773 4071 tempora
796 3992 906 4072 portet
930 3988 1034 4071 equo!
