<?xml version="1.0" encoding="UTF-8"?>
<!DOCTYPE html PUBLIC "-//W3C//DTD XHTML 1.0 Transitional//EN"
    "http://www.w3.org/TR/xhtml1/DTD/xhtml1-transitional.dtd">
<html xmlns="http://www.w3.org/1999/xhtml" xml:lang="en" lang="en">
 <head>
  <title>
</title>
<meta http-equiv="Content-Type" content="text/html;charset=utf-8" />
  <meta name='ocr-system' content='tesseract 3.04.00' />
  <meta name='ocr-capabilities' content='ocr_page ocr_carea ocr_par ocr_line ocrx_word'/>
</head>
<body>
  <div class='ocr_page' id='page_1' title='image "./povidiinasonisa01ovidgoog_0040.png"; bbox 0 0 2896 4754; ppageno 0'>
   <div class='ocr_carea' id='block_1_1' title="bbox 561 377 801 424">
    <p class='ocr_par' dir='ltr' id='par_1_1' title="bbox 561 377 801 424">
     <span class='ocr_line' id='line_1_1' title="bbox 561 377 801 424; baseline 0.004 -1"><span class='ocrx_word' id='word_1_1' title='bbox 561 380 697 424; x_wconf 78' lang='lat' dir='ltr'>AMORUM</span> <span class='ocrx_word' id='word_1_2' title='bbox 715 381 735 423; x_wconf 90' lang='lat'>1.</span> <span class='ocrx_word' id='word_1_3' title='bbox 760 377 801 424; x_wconf 80' lang='lat'>14.</span> 
     </span>
    </p>
   </div>
   <div class='ocr_carea' id='block_1_2' title="bbox 151 555 1245 3062">
    <p class='ocr_par' dir='ltr' id='par_1_2' title="bbox 210 555 1049 754">
     <span class='ocr_line' id='line_1_2' title="bbox 210 555 1049 639; baseline -0.007 -16"><span class='ocrx_word' id='word_1_4' title='bbox 210 560 379 622; x_wconf 77' lang='lat' dir='ltr'>Formosa</span> <span class='ocrx_word' id='word_1_5' title='bbox 403 558 530 639; x_wconf 88' lang='lat' dir='ltr'>periere</span> <span class='ocrx_word' id='word_1_6' title='bbox 556 576 666 629; x_wconf 82' lang='lat' dir='ltr'>coma,</span> <span class='ocrx_word' id='word_1_7' title='bbox 693 576 774 637; x_wconf 90' lang='lat' dir='ltr'>quas</span> <span class='ocrx_word' id='word_1_8' title='bbox 797 557 898 618; x_wconf 89' lang='lat' dir='ltr'>vellet</span> <span class='ocrx_word' id='word_1_9' title='bbox 920 555 1049 637; x_wconf 87' lang='lat' dir='ltr'><strong>Apollo,</strong></span> 
     </span>
     <span class='ocr_line' id='line_1_3' title="bbox 257 672 1006 754; baseline -0.004 -16"><span class='ocrx_word' id='word_1_10' title='bbox 257 675 345 754; x_wconf 81' lang='lat' dir='ltr'>Quas</span> <span class='ocrx_word' id='word_1_11' title='bbox 369 674 470 737; x_wconf 87' lang='lat' dir='ltr'>vellet</span> <span class='ocrx_word' id='word_1_12' title='bbox 494 672 596 754; x_wconf 89' lang='lat' dir='ltr'>capiti</span> <span class='ocrx_word' id='word_1_13' title='bbox 617 672 769 736; x_wconf 86' lang='lat' dir='ltr'>Bacchus</span> <span class='ocrx_word' id='word_1_14' title='bbox 792 674 903 735; x_wconf 85' lang='lat' dir='ltr'>inesse</span> <span class='ocrx_word' id='word_1_15' title='bbox 928 692 1006 747; x_wconf 91' lang='lat' dir='ltr'>suo;</span> 
     </span>
    </p>

    <p class='ocr_par' dir='ltr' id='par_1_3' title="bbox 209 787 1062 986">
     <span class='ocr_line' id='line_1_4' title="bbox 209 787 1062 870; baseline -0.004 -17"><span class='ocrx_word' id='word_1_16' title='bbox 209 790 284 853; x_wconf 87' lang='lat' dir='ltr'>Illis</span> <span class='ocrx_word' id='word_1_17' title='bbox 307 789 516 862; x_wconf 71' lang='lat' dir='ltr'><strong>contulerim,</strong></span> <span class='ocrx_word' id='word_1_18' title='bbox 542 808 624 870; x_wconf 88' lang='lat' dir='ltr'>quas</span> <span class='ocrx_word' id='word_1_19' title='bbox 649 787 818 869; x_wconf 91' lang='lat' dir='ltr'>quondam</span> <span class='ocrx_word' id='word_1_20' title='bbox 841 787 931 851; x_wconf 89' lang='lat' dir='ltr'>nuda</span> <span class='ocrx_word' id='word_1_21' title='bbox 954 787 1062 851; x_wconf 83' lang='lat' dir='ltr'>Dione</span> 
     </span>
     <span class='ocr_line' id='line_1_5' title="bbox 255 903 921 986; baseline -0.003 -18"><span class='ocrx_word' id='word_1_22' title='bbox 255 905 408 986; x_wconf 87' lang='lat' dir='ltr'>Pingitur</span> <span class='ocrx_word' id='word_1_23' title='bbox 430 904 561 966; x_wconf 84' lang='lat' dir='ltr'>umenti</span> <span class='ocrx_word' id='word_1_24' title='bbox 585 903 786 967; x_wconf 75' lang='lat' dir='ltr'>sustinuisse</span> <span class='ocrx_word' id='word_1_25' title='bbox 809 923 921 966; x_wconf 90' lang='lat' dir='ltr'>manu.</span> 
     </span>
    </p>

    <p class='ocr_par' dir='ltr' id='par_1_4' title="bbox 211 1018 1243 1216">
     <span class='ocr_line' id='line_1_6' title="bbox 211 1018 1243 1102; baseline 0.001 -18"><span class='ocrx_word' id='word_1_26' title='bbox 211 1020 299 1098; x_wconf 81' lang='lat' dir='ltr'>Quid</span> <span class='ocrx_word' id='word_1_27' title='bbox 321 1020 409 1082; x_wconf 88' lang='lat' dir='ltr'>male</span> <span class='ocrx_word' id='word_1_28' title='bbox 434 1018 614 1100; x_wconf 87' lang='lat' dir='ltr'>dispositos</span> <span class='ocrx_word' id='word_1_29' title='bbox 639 1020 785 1102; x_wconf 87' lang='lat' dir='ltr'>quereris</span> <span class='ocrx_word' id='word_1_30' title='bbox 810 1020 948 1101; x_wconf 88' lang='lat' dir='ltr'>periisse</span> <span class='ocrx_word' id='word_1_31' title='bbox 974 1020 1137 1101; x_wconf 73' lang='lat' dir='ltr'>capillos?</span> <span class='ocrx_word' id='word_1_32' title='bbox 1216 1050 1243 1085; x_wconf 70' lang='lat' dir='ltr'>s:</span> 
     </span>
     <span class='ocr_line' id='line_1_7' title="bbox 257 1133 1116 1216; baseline -0.001 -18"><span class='ocrx_word' id='word_1_33' title='bbox 257 1134 343 1213; x_wconf 78' lang='lat' dir='ltr'>Quid</span> <span class='ocrx_word' id='word_1_34' title='bbox 368 1135 540 1216; x_wconf 90' lang='lat' dir='ltr'>speculum</span> <span class='ocrx_word' id='word_1_35' title='bbox 564 1137 680 1197; x_wconf 84' lang='lat' dir='ltr'>maesta</span> <span class='ocrx_word' id='word_1_36' title='bbox 703 1133 812 1214; x_wconf 87' lang='lat' dir='ltr'>ponis,</span> <span class='ocrx_word' id='word_1_37' title='bbox 838 1135 961 1216; x_wconf 89' lang='lat' dir='ltr'>inepta,</span> <span class='ocrx_word' id='word_1_38' title='bbox 988 1138 1116 1197; x_wconf 81' lang='lat' dir='ltr'>manu?</span> 
     </span>
    </p>

    <p class='ocr_par' dir='ltr' id='par_1_5' title="bbox 210 1247 1030 1445">
     <span class='ocr_line' id='line_1_8' title="bbox 210 1247 1030 1329; baseline -0.002 -17"><span class='ocrx_word' id='word_1_39' title='bbox 210 1251 286 1312; x_wconf 89' lang='lat' dir='ltr'>Non</span> <span class='ocrx_word' id='word_1_40' title='bbox 309 1249 393 1312; x_wconf 90' lang='lat' dir='ltr'>bene</span> <span class='ocrx_word' id='word_1_41' title='bbox 418 1249 587 1311; x_wconf 88' lang='lat' dir='ltr'>consuetis</span> <span class='ocrx_word' id='word_1_42' title='bbox 612 1268 631 1311; x_wconf 88' lang='lat' dir='ltr'>a</span> <span class='ocrx_word' id='word_1_43' title='bbox 655 1254 687 1312; x_wconf 90' lang='lat' dir='ltr'>te</span> <span class='ocrx_word' id='word_1_44' title='bbox 713 1248 872 1329; x_wconf 88' lang='lat' dir='ltr'>spectaris</span> <span class='ocrx_word' id='word_1_45' title='bbox 896 1247 1030 1311; x_wconf 79' lang='lat' dir='ltr'>ocellis:</span> 
     </span>
     <span class='ocr_line' id='line_1_9' title="bbox 256 1361 958 1445; baseline -0.003 -18"><span class='ocrx_word' id='word_1_46' title='bbox 256 1364 299 1428; x_wconf 92' lang='lat' dir='ltr'>Ut</span> <span class='ocrx_word' id='word_1_47' title='bbox 321 1364 464 1445; x_wconf 76' lang='lat' dir='ltr'>placeas,</span> <span class='ocrx_word' id='word_1_48' title='bbox 490 1361 589 1426; x_wconf 88' lang='lat' dir='ltr'>debes</span> <span class='ocrx_word' id='word_1_49' title='bbox 614 1364 781 1426; x_wconf 87' lang='lat' dir='ltr'>inmemor</span> <span class='ocrx_word' id='word_1_50' title='bbox 804 1383 875 1428; x_wconf 89' lang='lat' dir='ltr'>esse</span> <span class='ocrx_word' id='word_1_51' title='bbox 899 1363 958 1426; x_wconf 91' lang='lat' dir='ltr'>tui.</span> 
     </span>
    </p>

    <p class='ocr_par' dir='ltr' id='par_1_6' title="bbox 208 1479 1245 1678">
     <span class='ocr_line' id='line_1_10' title="bbox 208 1479 980 1561; baseline -0.001 -19"><span class='ocrx_word' id='word_1_52' title='bbox 208 1481 285 1543; x_wconf 89' lang='lat' dir='ltr'>Non</span> <span class='ocrx_word' id='word_1_53' title='bbox 309 1482 341 1542; x_wconf 90' lang='lat' dir='ltr'>te</span> <span class='ocrx_word' id='word_1_54' title='bbox 366 1482 507 1542; x_wconf 83' lang='lat' dir='ltr'>cantatae</span> <span class='ocrx_word' id='word_1_55' title='bbox 531 1480 689 1542; x_wconf 86' lang='lat' dir='ltr'>laeserunt</span> <span class='ocrx_word' id='word_1_56' title='bbox 712 1479 837 1561; x_wconf 63' lang='lat' dir='ltr'>paelicis</span> <span class='ocrx_word' id='word_1_57' title='bbox 856 1479 980 1554; x_wconf 84' lang='lat' dir='ltr'>herbae,</span> 
     </span>
     <span class='ocr_line' id='line_1_11' title="bbox 254 1564 1245 1678; baseline 0.001 -19"><span class='ocrx_word' id='word_1_58' title='bbox 254 1597 328 1660; x_wconf 90' lang='lat' dir='ltr'>Non</span> <span class='ocrx_word' id='word_1_59' title='bbox 354 1615 438 1658; x_wconf 91' lang='lat' dir='ltr'>anus</span> <span class='ocrx_word' id='word_1_60' title='bbox 461 1564 638 1659; x_wconf 80' lang='lat' dir='ltr'>Haemorlia</span> <span class='ocrx_word' id='word_1_61' title='bbox 661 1595 786 1676; x_wconf 86' lang='lat' dir='ltr'>perfida</span> <span class='ocrx_word' id='word_1_62' title='bbox 809 1596 891 1658; x_wconf 89' lang='lat' dir='ltr'>lavit</span> <span class='ocrx_word' id='word_1_63' title='bbox 915 1615 1017 1678; x_wconf 89' lang='lat' dir='ltr'>aqua;</span> <span class='ocrx_word' id='word_1_64' title='bbox 1216 1624 1245 1660; x_wconf 74' lang='lat' dir='ltr'>so</span> 
     </span>
    </p>

    <p class='ocr_par' dir='ltr' id='par_1_7' title="bbox 151 1711 1163 1792">
     <span class='ocr_line' id='line_1_12' title="bbox 151 1711 1163 1792; baseline 0.001 -18"><span class='ocrx_word' id='word_1_65' title='bbox 151 1747 154 1752; x_wconf 93' lang='lat'>·</span> <span class='ocrx_word' id='word_1_66' title='bbox 209 1712 276 1775; x_wconf 86' lang='lat' dir='ltr'>Nec</span> <span class='ocrx_word' id='word_1_67' title='bbox 300 1711 361 1774; x_wconf 90' lang='lat' dir='ltr'>tibi</span> <span class='ocrx_word' id='word_1_68' title='bbox 385 1711 435 1774; x_wconf 85' lang='lat' dir='ltr'>vis</span> <span class='ocrx_word' id='word_1_69' title='bbox 459 1711 566 1774; x_wconf 87' lang='lat' dir='ltr'>morbi</span> <span class='ocrx_word' id='word_1_70' title='bbox 591 1711 716 1785; x_wconf 88' lang='lat' dir='ltr'>nocuit,</span> <span class='ocrx_word' id='word_1_71' title='bbox 743 1712 871 1792; x_wconf 89' lang='lat' dir='ltr'>(procul</span> <span class='ocrx_word' id='word_1_72' title='bbox 894 1732 993 1775; x_wconf 87' lang='lat' dir='ltr'>omen</span> <span class='ocrx_word' id='word_1_73' title='bbox 1018 1712 1131 1775; x_wconf 88' lang='lat' dir='ltr'>abesto</span> <span class='ocrx_word' id='word_1_74' title='bbox 1145 1713 1163 1789; x_wconf 78' lang='lat' dir='ltr'>ll</span> 
     </span>
    </p>

    <p class='ocr_par' dir='ltr' id='par_1_8' title="bbox 254 1826 1046 1908">
     <span class='ocr_line' id='line_1_13' title="bbox 254 1826 1046 1908; baseline -0.003 -17"><span class='ocrx_word' id='word_1_75' title='bbox 254 1828 321 1891; x_wconf 85' lang='lat' dir='ltr'>Nec</span> <span class='ocrx_word' id='word_1_76' title='bbox 344 1827 468 1890; x_wconf 89' lang='lat' dir='ltr'>minuit</span> <span class='ocrx_word' id='word_1_77' title='bbox 492 1826 612 1890; x_wconf 88' lang='lat' dir='ltr'>densas</span> <span class='ocrx_word' id='word_1_78' title='bbox 637 1827 752 1890; x_wconf 91' lang='lat' dir='ltr'>invida</span> <span class='ocrx_word' id='word_1_79' title='bbox 774 1826 891 1908; x_wconf 89' lang='lat' dir='ltr'>lingua</span> <span class='ocrx_word' id='word_1_80' title='bbox 915 1847 1046 1891; x_wconf 89' lang='lat' dir='ltr'>comas:</span> 
     </span>
    </p>

    <p class='ocr_par' dir='ltr' id='par_1_9' title="bbox 209 1942 1053 2141">
     <span class='ocr_line' id='line_1_14' title="bbox 209 1942 1053 2025; baseline -0.004 -18"><span class='ocrx_word' id='word_1_81' title='bbox 209 1945 312 2008; x_wconf 84' lang='lat' dir='ltr'>Facta</span> <span class='ocrx_word' id='word_1_82' title='bbox 335 1964 440 2020; x_wconf 87' lang='lat' dir='ltr'>manu</span> <span class='ocrx_word' id='word_1_83' title='bbox 463 1944 625 2025; x_wconf 86' lang='lat' dir='ltr'>culpaque</span> <span class='ocrx_word' id='word_1_84' title='bbox 650 1946 708 2004; x_wconf 89' lang='lat' dir='ltr'>tua</span> <span class='ocrx_word' id='word_1_85' title='bbox 732 1942 907 2023; x_wconf 88' lang='lat' dir='ltr'>dispendia</span> <span class='ocrx_word' id='word_1_86' title='bbox 930 1943 1053 2017; x_wconf 76' lang='lat' dir='ltr'>sontis:</span> 
     </span>
     <span class='ocr_line' id='line_1_15' title="bbox 254 2059 956 2141; baseline -0.004 -18"><span class='ocrx_word' id='word_1_87' title='bbox 254 2060 332 2141; x_wconf 92' lang='lat' dir='ltr'>Ipsa</span> <span class='ocrx_word' id='word_1_88' title='bbox 355 2059 458 2123; x_wconf 87' lang='lat' dir='ltr'>dabas</span> <span class='ocrx_word' id='word_1_89' title='bbox 482 2060 583 2141; x_wconf 90' lang='lat' dir='ltr'>capiti</span> <span class='ocrx_word' id='word_1_90' title='bbox 607 2059 711 2121; x_wconf 84' lang='lat' dir='ltr'>mixta</span> <span class='ocrx_word' id='word_1_91' title='bbox 734 2077 864 2121; x_wconf 84' lang='lat' dir='ltr'>venena</span> <span class='ocrx_word' id='word_1_92' title='bbox 887 2061 956 2121; x_wconf 92' lang='lat' dir='ltr'>tuo.</span> 
     </span>
    </p>

    <p class='ocr_par' dir='ltr' id='par_1_10' title="bbox 206 2171 1244 2370">
     <span class='ocr_line' id='line_1_16' title="bbox 206 2171 1244 2255; baseline -0.001 -18"><span class='ocrx_word' id='word_1_93' title='bbox 206 2175 304 2238; x_wconf 73' lang='lat' dir='ltr'>&#39;Nunc</span> <span class='ocrx_word' id='word_1_94' title='bbox 326 2174 388 2237; x_wconf 88' lang='lat' dir='ltr'>tibi</span> <span class='ocrx_word' id='word_1_95' title='bbox 411 2174 561 2255; x_wconf 87' lang='lat' dir='ltr'>captivos</span> <span class='ocrx_word' id='word_1_96' title='bbox 585 2172 696 2236; x_wconf 87' lang='lat' dir='ltr'>mittet</span> <span class='ocrx_word' id='word_1_97' title='bbox 719 2171 901 2236; x_wconf 85' lang='lat' dir='ltr'>Germania</span> <span class='ocrx_word' id='word_1_98' title='bbox 925 2173 1052 2236; x_wconf 88' lang='lat' dir='ltr'>crines:</span> <span class='ocrx_word' id='word_1_99' title='bbox 1216 2200 1244 2236; x_wconf 78' lang='grc'>11</span> 
     </span>
     <span class='ocr_line' id='line_1_17' title="bbox 255 2288 984 2370; baseline -0.005 -18"><span class='ocrx_word' id='word_1_100' title='bbox 255 2288 353 2352; x_wconf 82' lang='lat' dir='ltr'>Culta</span> <span class='ocrx_word' id='word_1_101' title='bbox 376 2289 589 2370; x_wconf 77' lang='lat' dir='ltr'>triumphata</span> <span class='ocrx_word' id='word_1_102' title='bbox 614 2308 752 2351; x_wconf 87' lang='lat' dir='ltr'>munere</span> <span class='ocrx_word' id='word_1_103' title='bbox 776 2288 885 2368; x_wconf 90' lang='lat' dir='ltr'>gentis</span> <span class='ocrx_word' id='word_1_104' title='bbox 910 2288 984 2350; x_wconf 87' lang='lat' dir='ltr'>eris.</span> 
     </span>
    </p>

    <p class='ocr_par' dir='ltr' id='par_1_11' title="bbox 211 2402 1079 2601">
     <span class='ocr_line' id='line_1_18' title="bbox 211 2402 1079 2486; baseline -0.003 -20"><span class='ocrx_word' id='word_1_105' title='bbox 211 2403 237 2466; x_wconf 92' lang='grc' dir='ltr'><strong>Ο</strong></span> <span class='ocrx_word' id='word_1_106' title='bbox 262 2423 361 2485; x_wconf 89' lang='lat' dir='ltr'>quam</span> <span class='ocrx_word' id='word_1_107' title='bbox 386 2424 471 2485; x_wconf 82' lang='lat' dir='ltr'>saepe</span> <span class='ocrx_word' id='word_1_108' title='bbox 496 2423 607 2467; x_wconf 91' lang='lat' dir='ltr'>comas</span> <span class='ocrx_word' id='word_1_109' title='bbox 633 2404 744 2486; x_wconf 91' lang='lat' dir='ltr'>aliquo</span> <span class='ocrx_word' id='word_1_110' title='bbox 770 2402 912 2465; x_wconf 86' lang='lat' dir='ltr'>mirante</span> <span class='ocrx_word' id='word_1_111' title='bbox 937 2402 1079 2476; x_wconf 80' lang='lat' dir='ltr'>rubetis,</span> 
     </span>
     <span class='ocr_line' id='line_1_19' title="bbox 254 2517 1065 2601; baseline -0.004 -20"><span class='ocrx_word' id='word_1_112' title='bbox 254 2519 297 2582; x_wconf 86' lang='lat' dir='ltr'>Et</span> <span class='ocrx_word' id='word_1_113' title='bbox 321 2519 410 2581; x_wconf 89' lang='lat' dir='ltr'>dices</span> <span class='ocrx_word' id='word_1_114' title='bbox 439 2523 569 2601; x_wconf 83' lang='lat' dir='ltr'>«empta</span> <span class='ocrx_word' id='word_1_115' title='bbox 593 2539 683 2581; x_wconf 89' lang='lat' dir='ltr'>nunc</span> <span class='ocrx_word' id='word_1_116' title='bbox 708 2538 768 2599; x_wconf 86' lang='lat' dir='ltr'>ego</span> <span class='ocrx_word' id='word_1_117' title='bbox 793 2538 900 2581; x_wconf 88' lang='lat' dir='ltr'>merce</span> <span class='ocrx_word' id='word_1_118' title='bbox 925 2517 1065 2598; x_wconf 88' lang='lat' dir='ltr'>probor;</span> 
     </span>
    </p>

    <p class='ocr_par' dir='ltr' id='par_1_12' title="bbox 210 2633 1245 2814">
     <span class='ocr_line' id='line_1_20' title="bbox 210 2633 1191 2717; baseline -0.003 -18"><span class='ocrx_word' id='word_1_119' title='bbox 210 2635 328 2699; x_wconf 86' lang='lat' dir='ltr'>Nescio</span> <span class='ocrx_word' id='word_1_120' title='bbox 353 2655 452 2717; x_wconf 93' lang='lat' dir='ltr'>quam</span> <span class='ocrx_word' id='word_1_121' title='bbox 475 2654 535 2716; x_wconf 92' lang='lat' dir='ltr'>pro</span> <span class='ocrx_word' id='word_1_122' title='bbox 560 2655 614 2698; x_wconf 89' lang='lat' dir='ltr'>me</span> <span class='ocrx_word' id='word_1_123' title='bbox 638 2635 753 2698; x_wconf 87' lang='lat' dir='ltr'>laudat</span> <span class='ocrx_word' id='word_1_124' title='bbox 768 2656 859 2698; x_wconf 90' lang='lat' dir='ltr'>nunc</span> <span class='ocrx_word' id='word_1_125' title='bbox 876 2635 938 2698; x_wconf 88' lang='lat' dir='ltr'>istc</span> <span class='ocrx_word' id='word_1_126' title='bbox 957 2633 1191 2716; x_wconf 82' lang='lat' dir='ltr'>Sygambram:</span> 
     </span>
     <span class='ocr_line' id='line_1_21' title="bbox 253 2749 1245 2814; baseline 0 -1"><span class='ocrx_word' id='word_1_127' title='bbox 253 2750 358 2813; x_wconf 83' lang='lat' dir='ltr'>Fama</span> <span class='ocrx_word' id='word_1_128' title='bbox 382 2754 496 2813; x_wconf 88' lang='lat' dir='ltr'>tamen</span> <span class='ocrx_word' id='word_1_129' title='bbox 519 2749 660 2812; x_wconf 90' lang='lat' dir='ltr'>memini</span> <span class='ocrx_word' id='word_1_130' title='bbox 683 2769 760 2813; x_wconf 91' lang='lat' dir='ltr'>cum</span> <span class='ocrx_word' id='word_1_131' title='bbox 783 2750 847 2813; x_wconf 86' lang='lat' dir='ltr'>fuit</span> <span class='ocrx_word' id='word_1_132' title='bbox 870 2750 935 2813; x_wconf 88' lang='lat' dir='ltr'>ista</span> <span class='ocrx_word' id='word_1_133' title='bbox 958 2769 1065 2811; x_wconf 84' lang='lat' dir='ltr'>mea».</span> <span class='ocrx_word' id='word_1_134' title='bbox 1216 2776 1245 2814; x_wconf 81' lang='lat' dir='ltr'>so</span> 
     </span>
    </p>

    <p class='ocr_par' dir='ltr' id='par_1_13' title="bbox 209 2865 1193 3062">
     <span class='ocr_line' id='line_1_22' title="bbox 209 2865 1193 2947; baseline 0 -20"><span class='ocrx_word' id='word_1_135' title='bbox 209 2865 264 2928; x_wconf 92' lang='lat' dir='ltr'>Me</span> <span class='ocrx_word' id='word_1_136' title='bbox 287 2867 467 2929; x_wconf 86' lang='lat' dir='ltr'>miserum!</span> <span class='ocrx_word' id='word_1_137' title='bbox 491 2866 646 2929; x_wconf 90' lang='lat' dir='ltr'>lacrimas</span> <span class='ocrx_word' id='word_1_138' title='bbox 662 2868 749 2928; x_wconf 88' lang='lat' dir='ltr'>male</span> <span class='ocrx_word' id='word_1_139' title='bbox 766 2867 915 2930; x_wconf 87' lang='lat' dir='ltr'>eontinet</span> <span class='ocrx_word' id='word_1_140' title='bbox 933 2885 1054 2947; x_wconf 88' lang='lat' dir='ltr'>oraque</span> <span class='ocrx_word' id='word_1_141' title='bbox 1079 2865 1193 2927; x_wconf 88' lang='lat' dir='ltr'>dextra</span> 
     </span>
     <span class='ocr_line' id='line_1_23' title="bbox 253 2979 994 3062; baseline 0.001 -20"><span class='ocrx_word' id='word_1_142' title='bbox 253 2979 403 3061; x_wconf 74' lang='lat' dir='ltr'>Protegit</span> <span class='ocrx_word' id='word_1_143' title='bbox 425 2980 589 3060; x_wconf 89' lang='lat' dir='ltr'>ingenuas</span> <span class='ocrx_word' id='word_1_144' title='bbox 613 2981 703 3062; x_wconf 87' lang='lat' dir='ltr'>picta</span> <span class='ocrx_word' id='word_1_145' title='bbox 726 2981 844 3043; x_wconf 89' lang='lat' dir='ltr'>rubore</span> <span class='ocrx_word' id='word_1_146' title='bbox 869 3000 994 3060; x_wconf 89' lang='lat' dir='ltr'>genas;</span> 
     </span>
    </p>
   </div>
   <div class='ocr_carea' id='block_1_3' title="bbox 211 3094 1081 3178">
    <p class='ocr_par' dir='ltr' id='par_1_14' title="bbox 211 3094 1081 3178">
     <span class='ocr_line' id='line_1_24' title="bbox 211 3094 1081 3178; baseline -0.003 -19"><span class='ocrx_word' id='word_1_147' title='bbox 211 3094 361 3159; x_wconf 81' lang='lat' dir='ltr'>Sustinet</span> <span class='ocrx_word' id='word_1_148' title='bbox 384 3097 540 3178; x_wconf 90' lang='lat' dir='ltr'>antiquos</span> <span class='ocrx_word' id='word_1_149' title='bbox 565 3101 692 3177; x_wconf 87' lang='lat' dir='ltr'>gremio</span> <span class='ocrx_word' id='word_1_150' title='bbox 717 3099 907 3177; x_wconf 88' lang='lat' dir='ltr'>spectatque</span> <span class='ocrx_word' id='word_1_151' title='bbox 933 3095 1081 3177; x_wconf 80' lang='lat' dir='ltr'>capillos,</span> 
     </span>
    </p>
   </div>
   <div class='ocr_carea' id='block_1_4' title="bbox 211 3211 1244 3524">
    <p class='ocr_par' dir='ltr' id='par_1_15' title="bbox 211 3211 1244 3524">
     <span class='ocr_line' id='line_1_25' title="bbox 256 3211 996 3293; baseline 0 -19"><span class='ocrx_word' id='word_1_152' title='bbox 256 3212 297 3274; x_wconf 85' lang='lat' dir='ltr'>Ei</span> <span class='ocrx_word' id='word_1_153' title='bbox 319 3212 423 3276; x_wconf 89' lang='lat' dir='ltr'>mihi!</span> <span class='ocrx_word' id='word_1_154' title='bbox 447 3232 517 3275; x_wconf 88' lang='lat' dir='ltr'>non</span> <span class='ocrx_word' id='word_1_155' title='bbox 541 3212 600 3275; x_wconf 90' lang='lat' dir='ltr'>illo</span> <span class='ocrx_word' id='word_1_156' title='bbox 625 3233 766 3275; x_wconf 88' lang='lat' dir='ltr'>munera</span> <span class='ocrx_word' id='word_1_157' title='bbox 789 3211 890 3293; x_wconf 87' lang='lat' dir='ltr'>digna</span> <span class='ocrx_word' id='word_1_158' title='bbox 912 3213 996 3275; x_wconf 79' lang='lat' dir='ltr'>loco,</span> 
     </span>
     <span class='ocr_line' id='line_1_26' title="bbox 211 3324 1244 3408; baseline 0 -18"><span class='ocrx_word' id='word_1_159' title='bbox 211 3324 337 3407; x_wconf 83' lang='lat' dir='ltr'>Collige</span> <span class='ocrx_word' id='word_1_160' title='bbox 362 3348 438 3390; x_wconf 91' lang='lat' dir='ltr'>cum</span> <span class='ocrx_word' id='word_1_161' title='bbox 460 3326 555 3389; x_wconf 90' lang='lat' dir='ltr'>vultu</span> <span class='ocrx_word' id='word_1_162' title='bbox 581 3328 748 3390; x_wconf 88' lang='lat' dir='ltr'>mentem!</span> <span class='ocrx_word' id='word_1_163' title='bbox 773 3328 956 3408; x_wconf 88' lang='lat' dir='ltr'>reparabile</span> <span class='ocrx_word' id='word_1_164' title='bbox 982 3326 1191 3389; x_wconf 90' lang='lat' dir='ltr'>damnumst:</span> <span class='ocrx_word' id='word_1_165' title='bbox 1217 3353 1244 3390; x_wconf 78' lang='lat'>⁵⁵</span> 
     </span>
     <span class='ocr_line' id='line_1_27' title="bbox 255 3432 1013 3524; baseline 0.001 -20"><span class='ocrx_word' id='word_1_166' title='bbox 255 3441 435 3506; x_wconf 89' lang='lat' dir='ltr'>Postmodo</span> <span class='ocrx_word' id='word_1_167' title='bbox 459 3443 573 3506; x_wconf 87' lang='lat' dir='ltr'>nativa</span> <span class='ocrx_word' id='word_1_168' title='bbox 597 3443 812 3524; x_wconf 85' lang='lat' dir='ltr'>conspiciere</span> <span class='ocrx_word' id='word_1_169' title='bbox 827 3463 928 3505; x_wconf 88' lang='lat' dir='ltr'>coma.</span> <span class='ocrx_word' id='word_1_170' title='bbox 1009 3432 1013 3437; x_wconf 43' lang='lat'>⁵</span> 
     </span>
    </p>
   </div>
   <div class='ocr_carea' id='block_1_5' title="bbox 176 4260 697 4311">
    <p class='ocr_par' dir='ltr' id='par_1_16' title="bbox 176 4260 697 4311">
     <span class='ocr_line' id='line_1_28' title="bbox 176 4260 697 4311; baseline -0.006 -9"><span class='ocrx_word' id='word_1_171' title='bbox 176 4260 295 4311; x_wconf 65' lang='lat' dir='ltr'>Ne&#39;mutp</span> <span class='ocrx_word' id='word_1_172' title='bbox 306 4273 313 4302; x_wconf 91' lang='lat'>.·</span> <span class='ocrx_word' id='word_1_173' title='bbox 330 4263 352 4301; x_wconf 62' lang='lat' dir='ltr'>l&#39;⁴</span> <span class='ocrx_word' id='word_1_174' title='bbox 372 4261 451 4302; x_wconf 77' lang='grc'>01111111</span> <span class='ocrx_word' id='word_1_175' title='bbox 466 4261 573 4302; x_wconf 60' lang='lat' dir='ltr'>aaronis</span> <span class='ocrx_word' id='word_1_176' title='bbox 588 4261 697 4300; x_wconf 76' lang='lat' dir='ltr'>Amores.</span> 
     </span>
    </p>
   </div>
   <div class='ocr_carea' id='block_1_6' title="bbox 0 0 1455 4754">
    <p class='ocr_par' dir='ltr' id='par_1_17' title="bbox 0 0 1455 4754">
     <span class='ocr_line' id='line_1_29' title="bbox 0 0 1455 4754; baseline 0 0"><span class='ocrx_word' id='word_1_177' title='bbox 0 0 1455 4754; x_wconf 95' lang='lat' dir='ltr'> </span> 
     </span>
    </p>
   </div>
  </div>
 </body>
</html>
