2896 4754
595 339 728 382 1119111111
747 340 783 381 11.
805 316 832 382 s]

686 569 740 632 VI.

241 747 415 822 Psittacus,
442 746 523 809 Eois
539 744 709 810 'imitatrix
733 747 802 809 ales
827 748 868 810 ab
890 746 993 822 Indis,
1089 768 1091 772 ’

287 860 433 924 Occidit:
459 862 613 942 exequias
636 861 682 923 ite
707 864 904 943 frequenter,
931 882 1007 924 aves
1020 884 1028 936 ;

241 977 300 1052 Ite,
325 977 389 1058 piae
413 976 574 1052 volucres,
601 980 634 1039 et
657 976 806 1058 plangite
831 980 965 1057 pectora
988 976 1102 1059 pinnis

286 1093 329 1156 Et
352 1093 465 1188 rigido
484 1098 754 1191 teneras7ungue
779 1097 892 1158 notate
918 1112 1038 1175 genas;

210 1210 387 1275 sHorrida
409 1185 619 1292 pro'maesus
643 1209 790 1271 lanietur
813 1209 928 1290 pluma
952 1207 1090 1289 capillis,

286 1325 348 1388 Pro
372 1325 475 1406 longa
497 1327 656 1417 resonent
679 1324 830 1386 carmina
851 1323 1083 1413 vestragtuba!

243 1439 338 1518 Quod
363 1440 472 1502 scelus
495 1439 629 1502 Ismarii
655 1416 810 1521 quereris,
835 1438 1030 1512 Philomela,
1055 1437 1201 1518 tyranni,

285 1554 457 1637 Expletast
482 1554 579 1616 annis
605 1553 668 1616 ista
692 1553 826 1635 querela
851 1553 939 1628 suis;

241 1671 343 1733 Alitis
362 1670 399 1733 in
422 1689 504 1732 rarae
528 1669 688 1731 miserum
712 1667 879 1731 devertere
904 1669 1024 1731 funus:

196 1793 227 1853 10'
286 1785 419 1867 Magna,
446 1784 503 1847 sed
528 1784 698 1866 antiquast
720 1803 821 1846 causa
845 1783 969 1846 doloris
992 1783 1072 1865 Itys.

245 1901 378 1977 Omnes,
405 1920 476 1982 quae
500 1899 628 1982 liquido
652 1900 782 1962 libratis
805 1899 842 1961 in
866 1920 939 1962 aere
964 1919 1089 1974 cursus,

287 2017 335 2080 Tu
358 2020 472 2080 tamen
497 2018 573 2078 ante
598 2017 691 2092 alios,
717 2019 828 2078 turtur
850 2016 964 2090 amice,
991 2014 1085 2078 dole!

243 2136 346 2198 Plena
370 2135 433 2197 fuit
455 2135 550 2198 vobis
575 2135 668 2197 omni
692 2132 870 2196 concordia
893 2132 970 2206 vita,

287 2249 329 2311 Et
353 2249 444 2311 stetit
469 2246 634 2310 adfinem
659 2250 760 2328 longa
782 2250 945 2327 tenaxque
969 2243 1069 2308 fides:

197 2393 226 2429 15
244 2361 340 2442 Quod
362 2363 426 2425 fuit
449 2363 603 2443 Argolico
628 2363 759 2425 iuvenis
782 2363 932 2424 Phoceus
957 2359 1089 2434 Oresta,

282 2479 355 2542 Hoc
377 2480 450 2552 tibi,
477 2479 557 2549 dum
580 2479 685 2553 licuit,
710 2480 859 2561 psittaco,
886 2480 996 2540 turtur
1019 2480 1098 2540 erat.

239 2597 325 2676 Quid
347 2600 462 2660 tamen
487 2597 552 2659 ista
574 2595 665 2670 fides,
691 2596 771 2678 quid
794 2597 861 2658 rari
885 2599 992 2690 forma
1015 2595 1145 2671 coloris,

285 2711 371 2790 Quid
394 2732 458 2773 vox
480 2711 651 2774 mutandis
675 2712 852 2792 ingeniosa
876 2713 977 2786 sonis,

239 2825 325 2904 Quid
348 2826 448 2900 iuvat,
474 2831 511 2889 ut
535 2827 632 2889 datus
658 2847 703 2903 es,
728 2831 850 2889 nostrae
874 2827 1039 2907 placuisse
1062 2826 1208 2908 puellae?

193 2969 223 3007 1ο
283 2940 414 3007 Infelix.
441 2942 552 3003 avium
577 2941 692 3021 gloria,
718 2963 838 3023 nempe
862 2943 970 3006 iaces!

239 3055 286 3118 Tu
310 3057 442 3136 poteras
466 3055 601 3135 fragiles
624 3055 741 3136 pinnis
765 3056 920 3118 hebetare
945 3055 1139 3137 zmaragdos

186 3152 187 3156 Ἰ
282 3172 398 3235 Tincta
423 3192 540 3253 gerens
565 3173 665 3236 rubro
689 3173 815 3236 Punica
838 3177 946 3236 rostra
970 3192 1074 3237 croco

238 3288 313 3350 Non
337 3288 401 3349 fuit
424 3288 460 3349 in
483 3289 581 3349 terris
605 3308 725 3350 vocum
750 3289 963 3351 simulantior
987 3290 1075 3354 ales:

280 3401 452 3464 Reddebas
476 3402 577 3464 blaeso
601 3407 671 3467 tam
695 3403 778 3466 hene
802 3404 902 3467 verba
926 3407 1028 3467 sono!

188 3546 219 3582 11
236 3517 363 3600 Raptus
388 3538 423 3580 es
447 3518 591 3580 invidia:
617 3540 686 3580 non
709 3523 747 3582 tu
771 3520 842 3581 fera
864 3520 952 3581 heila
975 3521 1149 3594 movebas3

282 3630 443 3696 Garrulus
469 3638 501 3696 et
522 3633 662 3715 'placidae
686 3636 777 3715 pacis
802 3637 930 3697 amator
954 3655 1034 3698 eras.

236 3748 328 3823 Ecce,
355 3751 541 3812 coturnices
565 3752 653 3813 inter
678 3771 738 3813 sua
760 3753 879 3833 proelia
902 3754 1027 3826 vivunt,

279 3864 435 3928 Forsitan
460 3871 492 3929 et
515 3866 600 3929 fiunt
624 3867 701 3929 inde
726 3869 916 3949 frequenter
939 3888 1032 3932 anus.

234 3978 357 4042 Plenus
381 4001 454 4043 eras
478 3982 618 4044 minimo
643 4004 704 4044 nec
727 4004 802 4064 prae,
820 3984 986 4046 sermonis
1007 4005 1118 4048 amore

188 4123 219 4160 ao
280 4094 321 4156 In
346 4095 471 4158 multos
495 4100 629 4177 poteras
655 4117 713 4160 ora
737 4116 852 4160 vacare
878 4098 987 4173 cibos;
