2896 4754
561 348 603 390 io
619 349 639 390 1.
659 345 684 403 9,
705 346 791 394 1-14.
1192 330 1242 383 133

166 520 203 581 V.
229 522 313 582 1----t.
339 522 455 580 Militat
477 524 580 580 ‹ttttttls
601 542 724 594 uitione,
754 526 789 582 ut
811 524 865 583 Ov.
887 525 921 584 A.
945 525 979 584 A.
1002 526 1041 584 H.
1065 527 1141 586 233:
1169 526 1241 585 «Mi-

104 628 188 686 litiae
210 628 326 703 species
348 647 437 687 amor
458 633 531 687 est.»
557 664 573 669 --
618 631 709 688 itabat
737 650 796 689 sua
825 638 927 690 castra
960 631 1090 709 Cupido
1122 632 1242 708 Cupido

105 739 159 793 est
180 735 359 810 imperator,
382 738 417 794 ut
437 735 503 794 Tib.
524 737 563 796 H.
586 739 614 806 6,
637 739 655 795 5
698 739 734 795 6:
762 737 838 796 «Ure
859 757 936 812 puer
959 737 1012 815 (sc.
1039 738 1155 815 Amor),
1188 741 1241 799 tua

108 844 167 917 qui
188 842 269 900 ferus
291 843 355 901 otia
376 843 468 918 liquit
489 841 590 919 Atque
612 845 725 901 iterum
747 862 890 903 erronem
907 845 961 903 sub
977 849 1030 905 tua
1045 848 1133 920 signa
1146 864 1236 905 voca»

107 950 143 1005 et
163 948 202 1006 H.
225 949 252 1017 3,
275 948 313 1006 33
329 983 338 987 --
356 947 413 1007 34:
441 947 496 1006 «At
518 952 559 1017 tu,
584 949 721 1024 quisquis
743 952 770 1008 is
792 969 832 1019 es,
857 953 905 1009 cui
936 953 1017 1010 tristi
1049 951 1151 1009 fronte
1183 950 1240 1011 Cu·

106 1052 185 1128 pido
205 1055 352 1128 Imperat,
375 1056 408 1112 in
430 1059 537 1113 nostra
558 1056 622 1113 sint
643 1058 697 1115 tua
718 1059 820 1115 castra
842 1055 963 1127 domem
986 1058 1022 1116 cf.
1043 1056 1098 1118 Ov.
1115 1058 1183 1116 Am.
1199 1058 1239 1116 H.

111 1162 160 1231 19,
192 1162 328 1221 97--98ε
363 1161 498 1237 «Cupido
528 1164 624 1220 Iussit
662 1164 783 1221 militiis
814 1165 902 1238 signa
941 1183 1064 1222 movere
1096 1184 1173 1223 suas»
1211 1168 1241 1223 et

108 1267 198 1328 Rem.
220 1269 314 1327 3--t:
342 1268 450 1328 «Parce
472 1273 559 1328 tuum
581 1274 682 1329 vatem
705 1271 829 1328 sceleris
851 1270 1008 1340 damnare,
1022 1270 1151 1347 Cupide,
1168 1272 1239 1330 Tra·

109 1375 177 1433 dita
198 1377 250 1452 qui
270 1378 362 1435 toties
384 1378 413 1435 te
436 1376 511 1436 duce
534 1379 623 1452 signa
643 1378 726 1436 tuli.»
752 1413 776 1418 —-
814 1378 922 1449 Attice,
946 1379 1014 1452 quis
1035 1378 1135 1446 fuerit,
1152 1379 1239 1451 igno·

109 1502 224 1542 ramus.
255 1484 393 1542 Atticum
425 1484 595 1561 alloquitur
624 1488 716 1561 poeta
746 1484 841 1543 etiam
872 1485 961 1544 Pont.
987 1485 1026 1544 H.
1047 1486 1076 1543 t.
1100 1488 1130 1542 et
1153 1486 1179 1544 7.
1201 1520 1218 1526 --

110 1591 234 1657 babilis.
258 1594 339 1666 apta.
361 1627 370 1632 -
395 1627 400 1631 -
424 1600 515 1666 turpe
536 1594 643 1650 senilis
666 1612 763 1664 artior,
787 1592 824 1651 cf.
842 1591 880 1649 de
896 1592 1020 1650 senibus
1035 1593 1119 1667 turpi
1136 1610 1239 1650 amore

110 1697 324 1757 laborantibus
346 1698 422 1758 Hor.
446 1697 508 1758 Sat.
532 1700 572 1757 H.
596 1700 622 1768 3,
646 1699 705 1758 974
719 1700 814 1759 -975,
838 1703 868 1758 et
889 1699 954 1759 Tib.
975 1699 999 1757 Ι.
1022 1697 1050 1767 9,
1073 1698 1200 1757 89·-·96.

165 1804 200 1863 V.
223 1805 311 1863 5-8.
334 1809 467 1874 animos,
490 1807 509 1864 i.
533 1826 559 1865 e.
582 1806 758 1869 audaciam:
781 1825 817 1864 ex
832 1808 1009 1865 coniectura
1023 1803 1238 1878 Rautenbergi.

109 1909 238 1969 Codices
269 1909 386 1968 habent
416 1930 527 1979 annea
560 1912 613 1970 sed
643 1912 680 1970 de
701 1915 790 1970 astate
813 1913 947 1972 amantis
969 1931 1062 1988 supra
1083 1931 1127 1969 vs.
1150 1912 1239 1972 a---l.

108 2017 220 2089 agitur.
252 2053 264 2056 -«
302 2017 367 2076 Hos
384 2020 466 2092 petit
487 2021 624 2077 basceio
648 2019 727 2077 bellu
746 2021 855 2095 pirella
876 2018 952 2089 viro.
976 2034 1050 2074 nam
1070 2015 1240 2074 secundum

108 2123 177 2183 Tib.
199 2124 223 2181 Ι.
246 2124 272 2192 9,
298 2124 353 2182 16;
386 2124 496 2183 «fortes
527 2125 653 2184 adiuvat
683 2127 751 2201 ipsa
781 2125 916 2194 Venusia
948 2124 984 2182 cf.
1017 2122 1069 2181 Ov.
1101 2124 1135 2181 A.
1159 2122 1194 2181 A.
1216 2123 1237 2181 Ι.

110 2231 188 2288 608:
216 2230 398 2288 «audentem
420 2232 558 2308 Forsque
586 2233 750 2308 Venusque
781 2233 915 2290 iuvant.»
950 2266 964 2270 —
1019 2231 1055 2287 tn
1085 2232 1166 2290 socio
1182 2277 1188 2289 .
1206 2277 1237 2288 ..

108 2341 185 2403 uiro,
207 2339 241 2395 in
263 2342 409 2408 amatore,
496 2341 576 2399 bella
603 2342 713 2415 puella
743 2342 818 2411 tiro,
850 2339 958 2397 eadem
989 2338 1082 2397 verba
1111 2340 1146 2396 in
1177 2338 1239 2396 fine

107 2447 299 2520 pentametri
320 2446 416 2522 Lygd.
440 2446 468 2516 4,
492 2445 539 2504 59.
636 2452 718 2503 ternu
748 2446 915 2520 requiescit
943 2452 1084 2520 uterque,
1116 2445 1152 2503 cf.
1183 2443 1237 2503 Ov.

108 2551 146 2611 A.
169 2553 202 2610 A.
226 2552 266 2612 H.
289 2553 347 2612 938
378 2551 428 2629 (de
460 2553 615 2628 amante):
651 2551 809 2626 «Frigidus
840 2554 871 2609 et
901 2551 985 2609 nuda
1014 2570 1095 2627 sape
1123 2550 1238 2611 iacebis

107 2658 232 2718 humo.»
258 2694 297 2699 ---
318 2663 398 2736 sores
413 2706 419 2718 .
436 2706 442 2718 .
460 2707 466 2719 .
483 2662 581 2731 (liceis
603 2661 793 2735 praetorium.

110 2745 112 2748 ¹
165 2767 200 2824 V.
224 2767 242 2824 9
287 2768 332 2826 lt.
363 2767 473 2826 Militis
504 2768 645 2845 officium
677 2770 798 2842 lampasi
829 2769 889 2839 otu,
917 2767 1000 2826 unde
1022 2766 1104 2843 apud
1126 2767 1192 2827 Tib.
1213 2769 1236 2825 Ι.

113 2872 138 2939 1,
162 2873 201 2930 95
243 2873 299 2932 96ε
327 2874 403 2933 «Hic
423 2873 518 2932 modo
540 2876 603 2932 iam
624 2875 741 2949 possim
764 2877 928 2933 contentus
949 2876 1051 2933 vivere
1066 2894 1161 2949 parvo
1176 2874 1238 2933 Nec

111 2998 233 3055 semper
254 2983 353 3055 longae
377 2981 499 3041 deditus
521 3000 587 3039 esse
608 2981 695 3047 viam
718 2981 755 3040 cf.
778 2980 832 3039 Ov.
855 2980 890 3040 A.
923 2980 958 3039 A.
990 2982 1029 3039 H.
1061 2982 1119 3040 935
1161 2983 1237 3041 936;

115 3087 199 3145 «Nox
229 3090 259 3145 et
289 3087 389 3146 hiems
419 3089 578 3164 longaeque
609 3089 666 3146 viae
697 3091 829 3162 saevique
862 3087 982 3147 dolores
1013 3087 1158 3146 Mollibus
1188 3089 1237 3147 his

110 3194 219 3252 castris
241 3197 272 3251 et
293 3193 380 3253 labor
403 3195 504 3252 omnis
535 3196 641 3252 inest.»
676 3230 690 3234 -
744 3197 833 3254 mitto
863 3196 1012 3270 patellam,
1044 3212 1083 3252 so.
1115 3197 1148 3252 ut
1178 3195 1239 3253 iter

111 3300 234 3360 faceret.
259 3337 266 3342 -
318 3309 461 3378 suompte
483 3304 546 3378 fiac
568 3310 714 3377 sequetur
737 3321 860 3372 amone,
892 3302 1024 3360 eundem
1054 3303 1157 3360 locum
1188 3320 1236 3359 ex·

110 3410 224 3483 pressit
244 3409 334 3484 Prop.
356 3410 396 3466 H.
419 3410 467 3478 96,
490 3409 538 3467 99.
561 3427 637 3485 sqq„
653 3428 742 3484 quem
766 3411 921 3466 auctorem
936 3407 1064 3466 Ovidius
1080 3410 1151 3466 ante
1167 3426 1237 3466 ocu·

109 3515 156 3574 los
178 3516 295 3578 habuit.
317 3552 335 3556 --
378 3524 530 3594 exempto,
553 3517 686 3592 dempto
771 3518 807 3574 tu
828 3519 970 3575 adversos
992 3522 1119 3584 montes,
1136 3517 1170 3572 ut
1185 3534 1236 3573 eos

109 3624 318 3683 transcendet.
403 3632 527 3695 caleret,
551 3625 688 3684 calcabit.
710 3661 731 3666 -
774 3625 837 3682 A'ec
859 3628 941 3698 freta
961 3640 1126 3697 pressurus
1142 3623 1238 3679 tumi-

110 3734 164 3790 dos
186 3733 370 3790 causabitur
392 3733 501 3803 Euros
525 3752 562 3790 ex
583 3733 672 3807 Prop.
694 3732 733 3792 H.
758 3733 805 3800 96,
828 3732 888 3789 ia
903 3731 964 3788 3οε
992 3727 1067 3787 «Seu
1082 3746 1166 3785 mare
1181 3747 1238 3803 per

110 3837 237 3911 longum
258 3857 328 3896 mea
349 3839 464 3913 cogitet
484 3841 529 3896 ire
551 3840 662 3914 puella,
684 3839 775 3896 Hanc
797 3856 908 3913 sequar
930 3838 960 3894 et
981 3835 1058 3894 fidos
1081 3853 1144 3893 una
1168 3837 1238 3907 aget

111 3961 186 4001 aura
207 3944 298 4004 duos»
335 3947 366 4002 et
396 3945 470 4003 ibid.
502 3947 570 4003 35-
582 3946 639 4004 36:
677 3943 806 4002 «Omnia-
837 3944 1003 4018 perpetier‚
1037 3959 1134 3998 saevus
1165 3943 1237 3999 licet

109 4053 219 4125 urgeat
238 4051 338 4111 Hums
360 4052 495 4126 Velaque
526 4052 560 4109 in
592 4053 744 4109 incertum
774 4048 904 4123 frigidus
934 4049 1045 4108 Auster
1076 4050 1171 4120 agat.»
1196 4082 1236 4088 --

106 4177 281 4233 pressuras,
306 4178 346 4218 sc.
369 4177 455 4218 nave.
539 4161 697 4217 uerrendis
712 4204 718 4215 .
736 4204 741 4215 .
760 4204 765 4215 .
783 4157 884 4231 equits,
907 4174 948 4213 sc.
969 4175 1063 4214 remo.
1078 4190 1098 4194 -
1109 4189 1118 4194 -·
1132 4157 1237 4214 sidera
