2896 4754
559 347 694 391 AMOBUM
711 348 761 393 111.
782 345 808 392 6.

655 576 710 643 VI.

210 758 328 821 Amnis
352 756 598 820 harundinibus
621 756 759 820 limosas
783 757 890 820 obsite
914 754 1016 837 ripas,

255 873 305 936 Ad
331 872 504 936 dominam
526 892 688 954 propero:
714 873 794 936 siste
818 888 997 953 parumper
1022 873 1150 953 aquas!

209 990 276 1052 Neo
299 989 361 1053 tibi
387 994 465 1052 sunt
488 993 608 1070 pontes
632 1009 694 1051 nee
718 1009 790 1070 quae
815 989 887 1051 sine
910 987 1047 1069 remigis
1070 987 1143 1049 ietu

255 1102 407 1168 Concava
429 1105 569 1167 traiecto
595 1104 714 1167 cumba
738 1102 877 1166 rudente
901 1103 1009 1166 vehat.

178 1222 336 1285 aParvus
362 1240 444 1296 eras,
470 1219 618 1294 memini,
645 1240 706 1283 nee
729 1223 761 1282 te
785 1220 928 1282 transire
952 1218 1070 1298 refugi,

254 1333 455 1419 Summaque
479 1336 533 1399 vix
556 1336 643 1398 talos
666 1337 808 1417 contigit
830 1335 921 1399 unda
943 1353 1055 1409 meos3

209 1452 304 1515 Nune
328 1451 399 1513 ruis
423 1452 577 1532 adposito
602 1452 735 1515 nivibus
759 1451 800 1514 de
824 1455 939 1515 monte
964 1450 1085 1514 solutis

253 1567 296 1629 Et
319 1567 409 1648 turpi
434 1587 561 1631 crassas
586 1569 715 1648 gurgite
738 1569 847 1632 volvis
871 1588 984 1650 aquas,
1055 1598 1057 1602 ·

210 1682 297 1760 Quid
321 1704 519 1766 properasse
542 1684 643 1759 iuvat,
670 1685 749 1766 quid
772 1705 872 1765 parea
896 1683 1026 1748 dedisse
1051 1680 1161 1763 quieti

164 1830 191 1865 ιο
254 1799 425 1879 Tempora,
452 1797 531 1880 quid
554 1800 646 1862 noeti
670 1801 879 1862 conseruisse
904 1799 1000 1874 diem,

210 1912 245 1976 Si
268 1916 382 1976 tamen
406 1913 460 1976 hie
485 1913 684 1990 standumst,
704 1915 731 1977 si
755 1934 824 1977 non
849 1914 947 1977 datur
970 1911 1098 1976 artibus
1121 1910 1212 1975 ullis

253 2029 400 2093 Ulterior
423 2031 540 2092 nostro
564 2029 637 2110 ripa
660 2028 844 2110 premenda
867 2028 969 2110 pedi?

208 2146 303 2208 Nune
328 2164 399 2226 ege,
426 2165 506 2226 quas
531 2145 649 2208 habuit
672 2146 796 2227 pinnas
820 2145 990 2208 Danaeius
1013 2144 1123 2218 heros,

253 2260 405 2324 Terribili
427 2260 570 2323 densum
593 2280 669 2322 oum
693 2261 772 2323 tulit
796 2280 903 2341 angue
928 2261 1036 2339 eaput,
1093 2266 1096 2275 '

163 2404 190 2439 ιε
207 2375 302 2438 Nune
327 2378 406 2456 opto
431 2395 573 2450 currum,
600 2375 639 2437 de
663 2395 728 2456 quo
749 2373 897 2438 Cerealia
920 2374 1067 2455 primurn

254 2488 390 2554 Semina
412 2495 577 2554 venerunt
600 2491 634 2554 in
660 2490 742 2553 rude
765 2492 870 2554 missa
893 2491 1012 2554 solum.

207 2607 402 2688 Prodigiosa
425 2608 544 2688 loquor
567 2611 718 2670 veterum
742 2608 918 2670 mendaoia
940 2609 1064 2684 vatum,

250 2724 317 2787 Neo
340 2724 419 2788 tulit
443 2725 513 2786 haeo
536 2745 697 2807 umquam
721 2745 782 2787 neo
807 2727 891 2787 feret
913 2725 984 2787 ulla
1008 2723 1099 2801 dies;

207 2840 255 2902 'lu
277 2842 399 2921 potius,
425 2842 508 2922 ripis
533 2840 635 2903 effuse
656 2840 831 2922 eapaoibus
856 2842 974 2911 amnis,

161 2985 189 3020 ao
252 2953 319 3033 (Sis
342 2959 485 3018 aeternus
510 2976 566 3018 eas
579 2957 598 3032 l)
622 2955 734 3018 labere
757 2954 825 3017 fine
849 2956 927 3018 tuo!

205 3072 280 3134 Non
305 3072 370 3134 eris
393 3071 536 3148 invidiae,
562 3074 702 3147 torrens,
729 3071 813 3134 mihi
838 3072 942 3146 erede,
969 3071 1124 3146 ferendae,

251 3185 286 3250 Si
311 3187 400 3250 dioar
423 3207 483 3267 per
506 3190 539 3248 te
563 3188 649 3248 forte
673 3191 823 3250 retentus
848 3207 974 3250 amans.

205 3301 362 3365 Flumina
385 3301 543 3366 deberent
565 3305 702 3366 iuvenes
727 3305 762 3365 in
786 3324 899 3367 amore
922 3303 1054 3378 iuvara;

249 3417 407 3481 Flumina
431 3424 609 3482 senserunt
632 3420 715 3499 ipsa.
742 3419 821 3500 quid
845 3424 933 3482 esset
956 3439 1069 3482 amor:

163 3562 190 3597 aa
208 3533 353 3596 inachus
378 3535 414 3596 in
438 3535 538 3597 Melie
562 3535 742 3616 Bithynide
765 3535 911 3616 pallidus
934 3536 1002 3598 isse

248 3649 380 3711 Dieitur
404 3654 436 3711 et
460 3649 580 3730 gelidis
604 3652 784 3713 incaluisse
808 3650 919 3725 vadisg

205 3763 361 3828 Nondum
385 3765 483 3828 Troia
506 3766 570 3828 fuit
593 3767 709 3828 lustris
734 3766 870 3829 obsessa
894 3765 1033 3839 duobus,

250 3878 333 3942 Cum
357 3882 469 3962 rapuit
493 3883 616 3958 vultus,
642 3882 786 3960 Xantho,
811 3884 926 3945 Neaera
949 3887 1044 3956 tuos;

207 3994 321 4071 Quid?
343 4017 413 4059 non
436 3999 592 4079 Alpheon
617 3999 756 4062 diversis
782 4020 912 4062 ourrere
937 3999 1034 4062 terris

159 4141 188 4176 ao
250 4111 398 4192 Virginis
423 4112 571 4175 Arcadiae
596 4119 706 4177 eertus
731 4115 841 4195 adegit
861 4117 984 4179 amor?
