2894 4740
161 274 212 326 Μ
613 296 854 354 mnium

160 471 228 540 sibi,
261 472 288 528 si
319 473 353 528 in
383 472 472 529 molli
501 471 613 530 viderit
643 473 710 547 ipse
741 476 838 531 torci.
860 475 982 532 --sibi
1010 477 1105 534 cerba
1135 478 1237 548 dabit,
1260 500 1294 540 se

159 577 263 653 ipsum
283 577 377 636 fellet.
461 579 633 654 Adspiciat,
656 580 683 636 si
705 578 869 654 adspiciet:
893 581 1109 642 conjunctivus
1131 584 1293 644 condicio-

160 685 250 742 nelis

214 791 249 850 V.
274 791 402 851 63--61,
426 793 497 852 Non
530 797 629 853 scetus
660 797 874 872 cdqredimnr,
906 814 972 854 11011
993 794 1222 854 admiscenda
1244 811 1297 850 co·

159 900 244 958 imus
269 899 294 957 T
293 901 395 971 ccciccc,
418 918 456 958 ex
476 899 568 975 Prcp.
591 900 632 960 Π.
656 896 704 969 31,
728 901 865 970 27-30,
887 899 941 958 ubi
964 898 1106 976 Cynthiae
1120 897 1294 957 infidelite-

161 1008 226 1066 tem
245 1005 290 1064 itu
311 1010 454 1066 excuset:
481 1008 567 1066 «Non
589 1010 644 1066 tue
660 1007 813 1084 deprenso
829 1008 975 1067 damnate
990 1011 1037 1066 est
1050 1007 1134 1065 seme
1147 1024 1296 1066 veneno:

160 1109 259 1170 Testis
281 1113 464 1186 crispante,
486 1112 610 1183 Phoebe,
632 1113 736 1172 videre
756 1132 877 1174 manus.
900 1112 956 1173 Sin
987 1115 1090 1180 eutem
1110 1113 1206 1186 longo
1229 1129 1296 1170 nox

160 1237 224 1277 une
244 1222 298 1277 cut
318 1219 414 1278 altere
434 1220 504 1278 lusu
526 1219 716 1296 Consumpta
737 1225 793 1291 est,
815 1241 880 1279 non
901 1240 951 1279 mc
967 1220 1098 1279 crimine
1112 1236 1211 1295 parve
1224 1235 1297 1276 mo·

160 1328 263 1385 vent».

156 1469 158 1473 .
214 1433 250 1492 V.
273 1435 320 1492 66.
343 1430 477 1505 mettius,
499 1434 615 1493 mitius.

695 1638 751 1696 HI.

566 1783 642 1843 Lib.
665 1783 715 1842 II.
737 1783 821 1859 eth.
845 1779 879 1842 3.

218 1966 265 2024 Ad
287 1965 420 2025 eundem
442 1967 629 2035 eunuchum,
653 1984 744 2041 quem
766 1969 857 2042 poete
879 1985 972 2042 supra
992 1986 1036 2024 vs.
1054 1968 1079 2026 1.
1096 1968 1201 2042 elegite
1215 1986 1300 2042 prae-

163 2071 301 2130 cedentis
323 2072 472 2131 allocutus
503 2075 557 2131 est.
589 2071 699 2132 Custos
730 2074 814 2130 enirn
846 2091 952 2148 preces
975 2074 1124 2131 amatoris
1146 2072 1300 2132 exaudire

165 2178 275 2248 noluit,
305 2179 388 2254 quod
417 2181 510 2255 pecte
540 2199 605 2238 non
626 2181 765 2249 miratur,
790 2198 859 2237 curn
881 2179 1041 2237 eunuchus
1064 2196 1204 2255 amorem
1225 2177 1301 2255 ipsc

164 2304 227 2345 non
259 2285 396 2343 sentiens
432 2304 472 2344 nc
503 2288 636 2345 aliorum
668 2286 790 2361 quidem
822 2306 941 2345 amores
972 2287 1152 2360 intellegere
1172 2287 1295 2365 possit3

163 2393 277 2450 iterum
298 2394 404 2450 temen
425 2395 558 2468 temptat
580 2412 650 2451 eum
671 2393 841 2468 promissis

149 2548 161 2555 ..
198 2497 252 2558 ‚V.
273 2497 302 2556 3.
327 2497 391 2568 Qut
408 2501 533 2573 primus
552 2501 661 2575 pueris
691 2500 847 2574 qeuitctic
879 2501 1021 2558 membra
1051 2501 1171 2566 recidit,
1203 2502 1297 2574 pueri

164 2603 378 2666 vestiebantur
397 2606 479 2668 lente
510 2604 682 2680 pubertatis
714 2609 843 2681 tempus
877 2625 915 2664 ne
948 2605 1111 2664 libidinem
1142 2624 1296 2682 umquam

165 2711 325 2770 sentirent.

217 2819 252 2877 V.
276 2820 363 2877 5-6.
397 2819 498 2877 Mettis
529 2821 566 2877 111
597 2821 779 2895 obsequium
811 2821 976 2896 facilisque
998 2819 1183 2894 roquntibus
1205 2837 1296 2891 esses,

165 2928 257 3001 poete
278 2926 372 2999 igliur
393 2924 536 3000 precibus
560 2925 640 3000 (quae
663 2945 756 3001 supra
778 2927 818 2985 H.
851 2927 877 2994 1,
910 2927 936 2983 9.
961 2944 1025 3001 sqq.
1048 2924 1205 3002 leguntur)
1227 2944 1295 2984 non

164 3031 267 3107 potuit
288 3031 463 3090 eunuchum
493 3049 627 3089 movere.
657 3064 695 3071 -—
725 3033 761 3089 111
782 3034 901 3108 queuis,
925 3051 963 3090 sc.
987 3032 1099 3107 puelle.
1121 3066 1161 3071 —
1177 3042 1296 3108 priete-

161 3140 291 3212 puissct,
313 3157 373 3196 vox
394 3156 548 3213 nusquam
570 3137 644 3197 alibi
665 3137 805 3198 occurrit.

219 3243 254 3301 V.
277 3243 308 3301 7-
331 3243 365 3300 -8,
389 3244 462 3302 Non
484 3251 519 3302 111
540 3252 635 3303 nctus
657 3263 734 3320 equo
750 3247 818 3314 etc,
832 3264 897 3303 non
913 3247 1001 3320 petes
1017 3247 1105 3303 miles
1128 3263 1203 3314 esse,
1220 3263 1297 3306 cum.

164 3348 206 3406 sis
229 3349 396 3426 eunuchus,
418 3352 438 3408 i.
461 3369 486 3409 e.
508 3351 602 3409 hemo
625 3350 829 3409 effeminatus.

218 3455 254 3515 V.
280 3455 324 3512 10.
348 3474 420 3513 cum
441 3458 572 3517 dominc
594 3460 688 3533 siqua
708 3461 847 3535 ferenda,
870 3459 890 3516 i.
921 3476 945 3515 c.
978 3476 1041 3516 unc
1072 3475 1142 3516 cum
1163 3457 1293 3517 domina

166 3559 288 3618 Amoris
310 3563 411 3619 castra
432 3581 569 3638 sequere,
592 3566 691 3623 emori
716 3566 804 3622 servi.

218 3666 254 3724 V.
281 3667 404 3726 11--1u
436 3669 532 3743 iuqilc
562 3672 691 3742 cccliiii,
724 3670 958 3730 multitudinem
980 3671 1154 3730 officiorum
1175 3669 1295 3745 signifi-

165 3777 222 3842 cet,
245 3777 279 3831 ut
298 3775 394 3850 Lygd.
426 3776 454 3846 3,
488 3777 523 3836 1:
551 3778 675 3836 ccaelum
696 3777 776 3837 votis
797 3779 959 3854 implesse»
986 3782 1016 3837 ct
1038 3779 1104 3837 Vel.
1126 3778 1226 3838 Flucc.
1248 3778 1291 3839 IL

169 3881 242 3941 167:
270 3883 351 3939 «tum
371 3882 557 3952 vocedecs,
590 3887 656 3942 turn
689 3885 846 3958 questibus
876 3887 1038 3961 implent».
1126 3883 1163 3943 Si
1184 3901 1297 3942 careas·

165 3990 231 4060 itta,
254 3990 325 4065 quis
347 3998 418 4048 tucis
441 4010 515 4049 usus
537 3992 603 4061 crit,
628 3993 674 4048 est
696 3990 779 4048 enirn
800 3993 927 4050 unicum
949 3992 1163 4050 eunuchorum
1177 4008 1297 4048 munus

80 4113 83 4118 ·
165 4095 283 4170 puellas
306 4096 497 4156 custodire·
552 4100 657 4174 turice,
681 4117 720 4156 sc.
744 4097 874 4172 pulchre
895 4098 1007 4169 fecies3
1031 4097 1068 4155 cf.
1095 4097 1164 4156 adn.
1196 4113 1292 4172 supra
