2896 4754
513 311 649 355 AMORUM
668 312 702 355 11.
724 308 795 354 9-3.

228 489 313 552 Anie
339 507 416 551 suos
442 506 548 550 annos
573 486 703 557 occidis,
728 487 787 550 illa
812 486 912 550 deaei.

182 603 259 666 Vidi
283 623 345 684 ego
368 603 573 685 conpedibus
596 603 737 665 liventia
761 623 855 665 crura
879 608 1060 685 gereni-em,

228 717 324 783 Unde
347 718 398 781 vir
421 718 587 780 incestum
612 717 695 779 scire
720 720 853 780 coactus
878 722 966 806 erat3

181 835 285 899 Poena
308 836 419 898 minor
442 835 582 898 merito:
607 834 722 896 nocuit
745 835 835 897 mala
857 834 973 916 lingua
998 835 1141 913 duobus;

231 951 290 1014 Vir
313 950 434 1026 doluit,
459 952 557 1013 famae
581 949 705 1012 damna
727 949 841 1030 puella
864 951 951 1013 tulit.
1189 985 1218 1021 so

184 1065 287 1130 Crede
310 1067 405 1143 mihi,
430 1067 518 1130 nulli
543 1072 621 1129 sunt
644 1066 784 1129 crimina
808 1069 901 1146 graia
919 1068 1051 1142 marito,

229 1184 295 1246 Noc
319 1203 529 1265 quemquam,
556 1182 707 1264 quamvis
732 1181 853 1257 audiui,
879 1182 939 1244 illa
962 1184 1097 1250 iuvent:

185 1297 251 1362 Seu
275 1302 375 1379 tepet,
400 1297 564 1362 indicium
589 1317 721 1361 securas
744 1297 855 1380 perdis
880 1297 921 1360 ad
945 1318 1060 1375 aures3

230 1412 306 1476 Sive
329 1418 429 1487 amab,
456 1411 565 1477 officio
590 1412 628 1475 fit
651 1414 754 1476 miser
776 1412 925 1475 ille‘iuo.

185 1527 292 1610 Culpa·
313 1550 375 1592 nec
401 1550 439 1593 ex
463 1530 554 1592 facili
578 1530 729 1611 quamvis
753 1530 932 1592 manifesta
950 1530 1128 1610 probaiur:
1188 1563 1217 1599 ss

229 1646 352 1709 Iudicis
376 1647 437 1709 illa
461 1647 514 1710 sui
535 1650 609 1709 buia
633 1647 744 1709 favore
767 1645 869 1708 venii.

184 1759 314 1824 Viderit
337 1761 410 1842 ipse
434 1761 522 1834 licei,
548 1759 659 1822 credet
683 1764 797 1822 lamen
821 1760 879 1822 ille
902 1762 1039 1839 neganti

229 1875 476 1956 Damnabitque
501 1876 614 1938 oculos
640 1877 673 1936 eb
697 1874 760 1936 sibi
783 1874 883 1936 verba
906 1873 1007 1939 dubii.

184 1991 355 2074 Adspiciat
378 1991 524 2077 dominae
549 1991 713 2065 lacrimae,
739 1989 883 2071 plorabit
907 1991 1033 2073 etipse

229 2108 271 2170 Er
294 2107 381 2170 dicei
409 2127 543 2189 ‹ipoenas
566 2107 719 2189 garmlus
743 2107 807 2170 isle
831 2106 959 2172 debiti»
1189 2143 1219 2179 00

185 2223 271 2300 Quid
295 2222 409 2304 dispar
434 2225 602 2285 certamen
626 2222 715 2285 inis?
738 2223 800 2284 libi
823 2223 959 2286 verbera
982 2226 1070 2289 victo
1115 2236 1117 2240 '

228 2338 368 2412 Adsunt,
394 2338 431 2400 in
454 2338 580 2418 gremio
605 2338 724 2401 iudicis
749 2339 809 2401 illa
832 2339 935 2402 sedet.

183 2454 264 2517 Non
284 2455 391 2517 scelus
416 2453 635 2534 adgredimur,
661 2473 731 2517 non
756 2453 991 2518 admiscenda
1015 2456 1142 2519 coimus

149 2578 176 2627 .'
231 2571 358 2646 Toxica,
383 2591 454 2633 non
478 2571 592 2633 siricio
616 2571 774 2634 fulminat
798 2592 876 2633 ense
899 2591 1039 2647 manus;

187 2686 382 2764 Quaerimus,
407 2687 543 2748 uitulo
568 2705 627 2767 per
650 2688 681 2748 ie
706 2686 874 2766 possimus
899 2706 1029 2750 amare:
1193 2721 1222 2756 ⁶5

232 2784 324 2880 Quid¹
343 2802 496 2882 precibus
519 2801 644 2864 nostris
669 2800 805 2863 mollius
831 2819 902 2863 esse
926 2805 1060 2881 polest?

631 3086 690 3150 III.

187 3265 227 3327 Ei
250 3265 345 3340 mihi,
372 3266 459 3346 quod
483 3266 655 3330 dominam
678 3286 740 3328 nec
763 3266 813 3327 vir
836 3286 898 3327 neo
917 3267 1042 3328 femina
1067 3287 1177 3330 servas

232 3379 350 3444 Mutua
373 3402 435 3445 nec
458 3383 596 3446 Veneris
620 3381 741 3462 gaudia
765 3401 864 3444 nosse
888 3383 1003 3462 poles!
1095 3385 1096 3389 ’

190 3495 254 3573 Qui
277 3472 420 3577 primus¹
428 3497 541 3579 pueris
566 3496 726 3576 genitalia
748 3496 899 3558 membra
923 3496 1047 3570 recidit,

233 3610 382 3675 Vulnere
407 3633 477 3694 quae
502 3613 589 3681 fecit.
612 3612 730 3675 ¹debuit
753 3611 825 3692 ipse
850 3612 930 3691 pali.

188 3727 303 3790 Mollis
326 3728 363 3789 in
389 3728 584 3810 obsequium
609 3727 782 3807 facilisque
806 3726 1001 3806 rogantibus
1026 3748 1123 3797 esses,
1209 3759 1222 3794 s

235 3841 269 3904 si
292 3846 371 3906 tuus
394 3843 430 3904 in
455 3844 570 3924 quavis
594 3841 825 3923 praetepuisset
849 3860 951 3903 amor.

188 3957 263 4019 Non
287 3961 325 4020 iu
348 3961 447 4020 nebus
472 3977 565 4038 eque,
591 3977 661 4019 non
685 3956 826 4019 fortibus
849 3956 942 4019 utilis
968 3957 1077 4030 armis,

234 4071 361 4134 Bellica
384 4091 453 4134 non
478 4071 597 4135 dexbrae
623 4073 779 4136 convenil
803 4072 900 4134 hasla
923 4078 998 4134 tuae.
