2896 4754
560 311 603 353 11)
618 311 640 354 1.
660 307 702 368 10,
719 307 825 355 se-sr.
1203 289 1254 342 ¹3⁹

118 487 214 544 enim
236 504 316 561 sape
337 506 402 545 non
423 488 520 544 multo
545 488 614 560 plus
645 484 808 559 signifieat,
840 504 932 561 quam
962 504 1032 544 esse.
1055 485 1138 544 Talis
1169 486 1254 546 verbi

118 596 234 652 venire
255 613 327 653 usus
350 594 461 668 saepius
493 593 625 652 ooourrit
656 592 737 667 apud
768 592 973 667 Propertium,
1005 609 1094 666 quem
1125 592 1253 652 Ovidius

120 700 222 757 etiam
242 701 276 757 in
298 700 356 758 hae
377 719 409 759 re
431 700 590 770 imitatur;
613 699 649 759 of.
672 699 762 775 Prop.
788 698 811 758 Ι.
837 700 883 770 10,
906 699 963 758 151
989 699 1130 757 «irritata
1157 700 1254 767 venit,

121 806 250 880 quando
273 809 484 866 contemnitur
504 808 588 876 illa»,
609 807 632 865 L
657 808 683 874 8,
710 805 764 866 11:
792 806 877 863 «Non
897 805 943 863 ita
965 824 1045 864 saeva
1075 808 1181 863 tamen
1202 825 1251 864 ve-

120 913 209 971 nerit
228 915 275 971 ira
294 931 393 982 meai,
415 913 457 972 H.
480 914 526 982 34,
550 913 607 973 81:
635 913 721 972 «Non
742 915 848 970 tamen
869 911 936 971 haeo
966 914 1022 970 ulli
1051 911 1177 970 venient
1205 915 1253 970 in·

119 1021 212 1092 grata
232 1022 376 1094 legenti.»

178 1126 213 1184 V.
237 1127 283 1184 36.
306 1129 387 1184 socio
409 1135 507 1198 1110111,
540 1143 579 1184 so.
612 1127 646 1184 in
677 1125 882 1185 concubitu·
911 1126 1052 1200 ferunt,
1086 1125 1252 1199 aooipiunt.

119 1234 142 1291 i.
166 1250 191 1289 e.
214 1224 362 1301 sentiunt,
384 1233 529 1291 fruuntur
550 1251 595 1302 ea,
617 1236 652 1290 ut
673 1232 756 1289 infra
776 1232 814 1289 H.
838 1233 866 1301 9,
888 1231 945 1290 44;
970 1229 1146 1305 «Sperando
1168 1233 1251 1289 certe

118 1337 234 1411 gaudia
254 1357 368 1413 magna
389 1338 513 1398 feram.»

173 1445 210 1504 V.
233 1446 361 1505 37-41,
386 1447 461 1505 Nori
483 1447 568 1518 berse,
590 1466 655 1504 non
686 1445 826 1505 honeste.
858 1481 862 1484 -
894 1481 896 1483 .
927 1446 1031 1504 selecti
1061 1446 1185 1513 iudicis,
1216 1446 1251 1501 ut
1314 1492 1318 1500 .

118 1553 196 1612 Hor.
231 1553 292 1613 Sat.
314 1554 338 1612 I.
361 1554 389 1623 4,
414 1554 486 1614 113ε
515 1553 637 1613 «Unum
668 1571 705 1611 ex
735 1551 885 1610 iudicibus
917 1551 1038 1609 selectis
1069 1548 1244 1608 obiciebatl

116 1661 326 1734 Intellegendi
362 1664 435 1719 sunt
466 1660 582 1719 iudices
615 1680 633 1718 a
663 1663 795 1736 praetore
827 1643 960 1717 urbano*
978 1676 1015 1716 ex
1046 1655 1248 1725 senatoribus,

117 1765 272 1842 equitibus
294 1771 325 1826 et
345 1767 478 1826 tribunis
499 1769 617 1827 aerariis
640 1766 730 1826 eleeti
752 1769 782 1824 et
803 1767 837 1824 in
859 1766 963 1824 album
984 1765 1122 1824 iudicum
1147 1765 1246 1822 relati.

116 1872 163 1933 Of.
186 1873 248 1933 Cio.
271 1894 327 1949 pro
349 1874 469 1935 Oluent.
493 1875 541 1945 43,
564 1876 630 1935 111ε
651 1877 814 1951 opi-atores
829 1873 940 1934 urbani
955 1919 961 1932 .
979 1920 985 1932 .
1003 1920 1009 1932 .
1026 1874 1120 1932 iurati
1133 1871 1248 1930 debent

115 1981 270 2056 optimum
293 2000 443 2057 quemque
465 1985 499 2041 in
521 1987 617 2042 lectos
648 1981 765 2042 iudices
797 1964 938 2041 referre.»
1002 2018 1013 2023 --
1048 1982 1149 2058 Turpe
1179 1999 1248 2039 reos

114 2095 222 2162 empta
242 2090 369 2146 miseros
390 2091 555 2165 defendere
578 2091 699 2165 11119111,
721 2109 796 2148 narn
817 2090 945 2165 patroni
965 2093 1032 2162 lege
1055 2088 1242 2148 Oinousai:

114 2191 240 2253 Ohr.‚n.
263 2195 330 2253 205.
362 2196 425 2253 lata
453 2194 636 2255 vetabantur
665 2216 683 2255 a
714 2195 878 2256 clientibus
909 2195 991 2253 dona
1022 2194 1167 2269 accipere.
1201 2227 1217 2233 -

113 2301 265 2371 tribunat,
282 2319 321 2359 se.
343 2303 493 2384 presteris,
515 2301 673 2362 iudicium.
753 2306 959 2382 prostituisse,
982 2303 1106 2377 proprie
1129 2300 1244 2358 dieitur

113 2406 153 2464 de
174 2409 347 2477 meretrice,
370 2427 436 2483 quae
458 2428 568 2485 eorpus
588 2413 698 2468 venale
720 2411 876 2485 proponit.

167 2513 202 2574 V.
226 2515 273 2573 44.
296 2517 377 2574 mule
400 2521 562 2586 conducto,
582 2519 756 2577 inhoneste.

167 2622 201 2680 V.
225 2622 352 2682 45-«46.
375 2628 514 2684 mercede
535 2628 638 2684 soluta
661 2627 735 2684 Noa
765 2634 873 2685 munet
904 2626 1006 2703 officio
1038 2624 1158 2685 debitor
1189 2624 1241 2682 dtr

114 2736 178 2800 tuo,
201 2731 389 2788 sententiam
411 2731 505 2789 etiam
527 2733 561 2790 in
582 2732 670 2807 poesi
692 2732 801 2793 Graeea
822 2735 969 2791 usitatam
989 2732 1082 2790 fuisse
1098 2732 1244 2792 doeemur

111 2832 258 2892 Philostr.
281 2834 378 2910 Epist.
403 2838 428 2895 7.
454 2835 527 2913 (44.)
555 2857 582 2895 v.
615 2838 661 2896 10-
673 2840 751 2899 dt:
784 2836 904 2918 ὑβρίζει
934 2838 987 2898 τὸν
1017 2834 1192 2899 πεισθέντα
1224 2836 1243 2898 ὁ

111 2935 265 3004 πλούσιος
285 2939 329 3006 ὡς
350 2939 534 3022 ἐωνημένος,
558 2941 576 3004 ὁ
599 2941 636 3003 δὲ
658 2943 751 3025 πένης
773 2939 844 3005 οἶδε
861 2942 957 3027 χάριν
976 2946 1019 3011 ὡς
1043 2942 1239 3025 ἐλεούμενος.

166 3043 202 3103 V.
225 3047 273 3106 47.
298 3049 429 3117 Parcite,
452 3052 557 3109 nolite.

165 3151 200 3210 V.
223 3152 351 3213 tle-52.
377 3155 451 3214 Nori
470 3159 534 3232 fuit
558 3159 701 3218 olinitius
733 3162 815 3218 torsit
845 3163 1000 3235 pepipisse
1031 3136 1177 3234 Sabinus,
1203 3162 1241 3221 ist

106 3267 288 3332 premerent
308 3280 407 3320 saeree
426 3266 560 3338 viipiais
582 3284 675 3323 ariae
696 3273 801 3341 eaput,
825 3267 860 3324 of.
883 3266 974 3343 Prop.
991 3268 1043 3327 IV.
1059 3270 1087 3337 4,
1104 3270 1238 3328 elaea:

114 3364 249 3442 «(Tatius
271 3366 448 3446 Tarpeiam)
469 3365 598 3445 ingestis
620 3373 770 3432 comitum
792 3392 884 3449 super
905 3375 1008 3434 obruit
1027 3378 1139 3435 armis:
1155 3376 1236 3437 Haee.

109 3471 196 3543 virgo
220 3471 332 3531 olfioiis
356 3474 410 3532 dos
432 3479 498 3534 erat
520 3480 591 3552 apta
613 3478 699 3539 tuis.»
725 3479 866 3554 Tarpeia,
888 3481 974 3555 virgo
997 3483 1140 3553 Vestalis,
1169 3501 1239 3542 oum

108 3575 242 3635 Romulo
263 3584 414 3653 regnante
437 3580 545 3642 Sabini
566 3582 641 3644 duee
663 3586 732 3645 Tito
753 3586 842 3646 Tatio
866 3587 1055 3664 Capitolium
1080 3609 1236 3665 oppugna·

109 3685 188 3752 rent,
210 3685 398 3759 proditionis
419 3692 555 3765 pretium
577 3692 636 3750 sibi
657 3697 748 3769 paota
770 3697 816 3753 est
837 3697 878 3765 id,
903 3698 984 3771 quod
1015 3698 1121 3757 hostes
1142 3700 1176 3757 in
1198 3700 1236 3756 si·

108 3790 207 3848 nistra
238 3811 333 3852 manu
364 3798 529 3870 gestarent,
562 3799 582 3856 i.
616 3818 640 3858 e.
674 3804 813 3860 armillas
845 3822 961 3873 aureas,
996 3823 1089 3880 quare
1120 3805 1235 3875 Tatina,

107 3895 316 3970 proditionem
338 3902 431 3960 etiam
453 3903 487 3961 in
509 3904 598 3963 hoste
620 3906 809 3981 puniendam
830 3912 925 3980 ratus,
942 3913 1036 3969 scutis
1058 3930 1127 3971 eam
1149 3913 1238 3971 obrui

106 4001 204 4062 iussit
228 4004 272 4065 ef.
295 4007 360 4067 Liv.
383 4009 406 4068 1.
434 4011 476 4069 11.
561 4013 590 4070 Ε
606 4015 720 4089 quibus
735 4019 1006 4089 antemuralem
1019 4022 1138 4080 viscera
1151 4023 1234 4097 ferro

106 4109 216 4184 Filius,
239 4130 276 4170 ex
296 4113 386 4190 Prop.
408 4115 448 4175 H.
474 4119 519 4187 le,
543 4120 601 4189 19„
623 4121 676 4180 ubi
698 4122 864 4198 Cynthiam
896 4124 933 4183 ab
965 4126 1093 4185 avaritia
1125 4127 1235 4188 dehor-
