2896 4754
497 361 632 406 auoauu
651 362 685 405 11.
709 359 814 406 16--17.
1185 341 1220 392 59

184 538 355 619 Parvaque
380 537 628 620 quamprimum
651 538 858 619 rapientibus
884 538 999 600 esseda
1023 539 1156 600 mannis

231 653 308 735 Ipsa
331 674 391 736 per
414 652 577 716 admissas
602 656 740 716 conante
764 653 837 715 lora
860 652 974 716 iubas!

184 771 229 832 At
251 789 319 846 vos,
346 789 410 851 qua
432 769 552 845 veniet,
578 769 708 845 tumidi,
735 769 906 845 subsidite,
933 774 1073 843 montes,

230 885 274 948 Et
297 887 411 949 faciles
435 886 544 948 curvis
568 885 711 948 vallibus
737 889 816 960 este,
843 886 921 948 riae!

605 1170 707 1233 XVII.

188 1344 298 1430 Siquis
323 1349 396 1424 erit,
422 1348 478 1429 qui
502 1352 599 1429 turpe
623 1351 720 1428 putet
744 1348 868 1410 servire
892 1347 1021 1429 puellae,

230 1463 293 1528 Illo
317 1464 497 1527 convincar
520 1463 626 1527 iudice
651 1464 758 1544 turpis
783 1483 862 1544 eg03

187 1579 257 1644 Sim
278 1579 356 1643 licet
379 1580 525 1654 infamis,
551 1578 631 1641 dum
655 1600 709 1642 me
732 1578 941 1642 moderatius
964 1585 1048 1656 urat,

232 1697 309 1776 Quae
332 1696 471 1778 Paphon
497 1699 528 1759 et
552 1695 655 1759 fluctu
677 1696 776 1778 pulsa
800 1694 945 1778 Cythera
970 1701 1072 1759 tenet.

184 1813 292 1894 Atque
307 1812 439 1874 utinam
456 1812 598 1875 dominae
616 1812 690 1874 miti
707 1831 837 1893 quoque
857 1812 970 1893 praeda
986 1813 1133 1887 fuissem,
1203 1842 1217 1877 a

230 1926 397 1992 Fumosae
423 1930 581 2011 quoniam
604 1928 716 2010 praeda
740 1930 871 1991 futurus
897 1931 1002 1990 eram!

185 2043 251 2107 Dat
274 2044 376 2107 facies
401 2045 553 2108 animos:
578 2044 660 2107 facie
685 2044 835 2107 violenta
859 2042 1055 2119 Corinnast;

229 2157 283 2222 Me
307 2159 484 2223 miserum!
509 2180 568 2222 our
594 2162 644 2222 est
668 2163 738 2222 tam
762 2159 848 2223 bene
871 2163 954 2222 nota
979 2158 1067 2221 sibi?

186 2272 318 2338 Scilicet
342 2297 361 2338 a
385 2276 511 2357 speculi
535 2279 715 2339 sumuntur
738 2275 885 2356 imagine
911 2277 1026 2349 fastus,

228 2390 294 2453 Nec
318 2392 385 2454 nisi
409 2393 619 2473 conpositam
643 2411 677 2454 se
702 2391 795 2472 prius
819 2389 879 2453 illa
902 2389 1002 2453 videt.
1187 2420 1216 2456 10

185 2496 273 2582 Non,'
294 2506 354 2570 tibi
379 2509 407 2570 si
432 2508 532 2570 facies
556 2507 700 2570 nimium
725 2505 782 2569 dat
805 2506 841 2568 in
867 2505 981 2568 omnia
1004 2505 1109 2584 regni,

205 2619 268 2699 ’(0
291 2622 393 2685 facies
419 2623 532 2685 oculos
556 2626 637 2685 nata
660 2625 774 2685 tenere
799 2621 921 2698 meost)

185 2733 351 2801 Collatum
374 2737 497 2800 idcireo
521 2738 584 2800 tibi
606 2759 660 2801 me
686 2742 900 2800 contemnere
924 2736 1042 2799 debes:

227 2854 342 2934 Aptari
366 2855 498 2935 magnis
522 2855 683 2917 inferiora
705 2854 792 2918 licet.

184 2968 337 3033 Traditur
361 2973 394 3032 et
416 2972 565 3053 nymphe
589 2971 742 3035 mortalis
767 2991 879 3035 amore
905 2969 1046 3050 Calypso
1189 3000 1217 3035 ra

228 3083 332 3168 Capta
355 3090 564 3151 recusantem
588 3087 773 3151 detinuisse
796 3087 923 3161 virum;

184 3197 336 3265 Creditur
359 3222 546 3285 aequoream
570 3203 693 3266 Phthio
718 3201 860 3264 Nereida
884 3202 962 3282 regi,

227 3315 382 3397 Egeriam
404 3319 493 3382 iusto
518 3318 735 3383 'concubuisse
759 3318 884 3394 Numae,

182 3432 332 3497 Vulcano
354 3433 529 3511 Venerem,
556 3435 710 3515 quamvis
734 3433 853 3495 incude
878 3434 994 3495 relicta

227 3547 379 3631 Turpiter
403 3548 537 3631 obliquo
562 3550 725 3612 claudicet
748 3549 805 3612 ille
829 3548 922 3629 pede.
1187 3577 1217 3614 eo

183 3661 347 3728 Carminis
371 3666 435 3728 hoo
457 3665 568 3747 ipsum
591 3685 696 3746 genus
720 3665 827 3746 inpar,
846 3663 902 3727 sed
927 3668 1040 3727 tamen
1065 3668 1140 3744 apte

226 3779 381 3861 Iungitur
404 3781 525 3844 herous
550 3801 626 3844 cum
649 3781 799 3845 breviore
823 3781 932 3844 mode.

183 3894 231 3957 Tu
248 3915 376 3977 quoque
392 3917 456 3973 me,
473 3917 548 3960 mea
563 3898 628 3973 lux,
647 3898 683 3961 in
700 3896 865 3978 quaslibet
883 3896 991 3976 accipe
1008 3896 1115 3976 leges:

227 4010 270 4074 Te
295 4010 408 4075 deceat
431 4013 541 4076 medio
566 4013 640 4076 iura
664 4013 794 4076 dedisse
817 4017 901 4075 tore.
1179 3984 1184 3993 .

181 4125 256 4190 Non
281 4127 342 4191 tibi
367 4129 493 4192 crimen
518 4149 583 4206 ero,
609 4150 670 4192 nec
695 4149 759 4210 quo
783 4129 894 4192 laetere
919 4135 1065 4191 remoto:
