2896 4754
454 1008 912 1093 PROLEGOMENA.

143 1426 144 1431 ’
178 1417 284 1492 Elegia
305 1417 445 1476 Romana
467 1420 607 1485 nonest,
640 1420 674 1475 ut
695 1418 785 1489 vulgo
808 1415 981 1490 putabatur,
1003 1432 1090 1472 mera
1110 1415 1244 1474 imitatio

121 1535 228 1609 elegia
249 1533 477 1605 Alexandrinae,
499 1532 554 1592 sed
576 1552 690 1592 novum
713 1525 801 1596 sidae
820 1549 947 1607 poeseos
969 1530 1111 1602 elegiacos
1133 1550 1149 1588 a
1173 1529 1243 1588 (lor-

124 1650 207 1710 nelio
229 1650 318 1711 Gallo
340 1650 530 1720 inchoatum,
562 1668 580 1707 a
609 1649 730 1707 Tibullo
753 1651 783 1706 et
803 1647 965 1722 Propertio
987 1646 1166 1722 perfectum.
1188 1646 1244 1704 Po-

124 1769 182 1824 etae
204 1767 290 1824 enim
310 1764 516 1824 Alexandrini
536 1763 655 1823 fabulas
678 1765 808 1823 eroticas
830 1763 935 1836 elegiis
957 1765 1168 1831 narraverant,
1184 1762 1245 1820 Ro·

126 1883 212 1940 mani
234 1884 345 1952 autem,
370 1901 435 1957 quae
457 1883 491 1940 in
514 1900 618 1940 amore
640 1883 702 1956 ipsi
724 1882 842 1956 experti
863 1882 975 1949 essent,
998 1880 1186 1948 cecinerunt,
1201 1879 1225 1937 it

125 2002 239 2069 tamen,
261 2001 296 2057 ut
317 1997 499 2072 argumenta
521 1999 691 2056 maximam
712 2000 832 2073 partem
862 2015 899 2054 ex
919 1998 984 2053 vita
1006 2015 1060 2053 sua
1082 1993 1243 2069 desumpta

125 2113 330 2173 instruxerint
351 2114 543 2173 ornamentis
565 2133 602 2171 ex
624 2114 710 2189 poesi
731 2112 846 2171 erotica
868 2111 1044 2171 Graecorum
1076 2112 1242 2169 mutuatis:

124 2230 294 2288 sententias
316 2231 401 2288 enim
430 2231 597 2288 amatorias
619 2248 656 2287 ex
677 2227 951 2304 epigrammatibus
972 2227 1101 2286 eroticis
1118 2227 1242 2296 Graecis,

123 2363 173 2403 res
195 2345 234 2404 ad
254 2345 351 2403 vitam
381 2344 579 2404 meretricum
609 2344 801 2420 pertinentes
831 2361 869 2400 ex
890 2342 1042 2400 comoedia
1071 2342 1241 2402 Atticorum

124 2478 214 2530 nova,
238 2459 444 2535 digressiones
465 2462 618 2538 mythicas
641 2480 677 2518 ex
700 2459 804 2533 elegiis
834 2460 878 2536 (et
909 2459 1041 2534 epylliis)
1062 2457 1243 2517 Alexandri-

124 2592 236 2633 norum
257 2569 436 2653 plerumque
459 2579 626 2653 sumpsisse
647 2576 822 2635 videntur*

126 2710 129 2717 ⁴
179 2690 313 2763 Quartus
333 2691 368 2749 in
389 2694 467 2751 serie
489 2693 693 2766 elegiacorum
714 2693 925 2751 Romanorum
956 2693 1002 2748 est
1032 2689 1169 2759 Ovidius,
1193 2689 1244 2764 qui

125 2803 244 2864 duabus
266 2807 400 2866 maxime
423 2806 527 2866 differt
547 2807 639 2867 rebus
661 2828 679 2865 a
700 2808 800 2883 poetis
815 2805 988 2882 prioribus:
1002 2806 1147 2882 primum,
1164 2803 1244 2880 quod

122 2920 159 2978 in
180 2920 267 2980 libris
288 2920 438 2980 Amorum
459 2942 477 2980 a
500 2921 613 2982 Graecis
635 2941 733 2997 pauca
753 2924 875 2981 tantum
891 2922 994 2993 sumit,
1010 2921 1064 2980 sed
1085 2922 1167 2979 totus
1181 2920 1244 2978 fere

126 3035 242 3110 pendet
262 3036 300 3098 ab
322 3037 498 3097 auctoribus
519 3037 678 3107 Romanis,
700 3039 856 3113 imprimis
871 3058 889 3096 a
903 3038 1073 3113 Propertio
1096 3039 1245 3113 praeterea

171 3330 187 3361 *
207 3329 470 3393 Necessitudinem,
500 3346 562 3396 qua
581 3331 659 3382 inter
677 3333 777 3398 poetas
797 3330 938 3398 elegiacos
957 3331 1103 3383 Romanos
1124 3333 1152 3382 et
1171 3331 1247 3382 Gra-

125 3441 175 3476 cos
196 3424 357 3489 intercedit,
377 3427 550 3491 accuratius,
570 3443 658 3493 quam
678 3430 763 3481 antea
780 3428 888 3480 factum
903 3430 954 3492 est,
969 3427 1087 3480 definire
1105 3429 1247 3497 temptavi

126 3519 157 3573 in
177 3522 420 3576 commentatione
440 3523 609 3592 Hungarice
630 3525 737 3593 scripta
766 3528 793 3576 et
822 3525 987 3593 sumptibus
1005 3524 1167 3576 Academias
1187 3525 1247 3577 Lit-

126 3620 257 3690 terarum
275 3619 452 3687 Hungaricae
481 3621 541 3672 iam
569 3639 646 3674 anno
678 3623 754 3676 1903.
773 3622 965 3691 Budapestini
984 3621 1020 3690 (Α
1038 3622 1136 3673 rumai
1155 3623 1245 3689 elegia

126 3716 263 3785 sarcago
275 3733 294 3768 a
306 3718 461 3787 pdrdpbdz)
481 3720 565 3773 edita.
585 3721 695 3773 Eadem
714 3720 773 3773 fere
794 3721 905 3772 duobus
925 3722 990 3788 post
1010 3719 1094 3772 annis
1115 3721 1247 3788 exposuit

128 3809 158 3865 F.
179 3810 285 3882 Jacoby
304 3815 335 3867 in
355 3816 540 3884 ephemeride
561 3817 735 3871 Germanica
753 3815 941 3870 Rheiaiscbes
961 3816 1093 3869 biascam
1114 3818 1150 3885 (a.
1172 3817 1248 3871 1905.

125 3925 154 3977 p.
175 3910 226 3964 38:
249 3911 320 3966 «Zur
337 3915 525 3983 Entstehung
555 3916 605 3968 der
632 3916 798 3968 rbmischen
827 3914 964 3982 Elegia),
984 3914 1033 3967 sed
1053 3932 1099 3967 me
1117 3915 1247 3984 primum

125 4003 235 4060 vidisse
261 3994 363 4063 verum
390 4028 457 4064 mox
485 4012 516 4064 in
545 4013 645 4065 eadem
674 4013 859 4081 ephemeride
889 4012 926 4078 (a.
948 4010 1025 4065 1905.
1044 4029 1073 4080 p.
1092 4011 1165 4079 320.)
1185 4013 1248 4081 ipse

124 4103 275 4159 confessus
293 4109 347 4161 est.
