2896 4754
500 363 636 408 AMORUM
654 365 690 406 11.
713 360 818 407 15-16.

234 543 320 606 Neve
344 545 443 605 tenax
466 562 575 604 ceram
600 541 751 622 siccaque
775 559 908 620 gemma
931 540 1051 613 trahat,

188 657 311 722 Umida
333 659 487 721 formosae
510 661 647 738 tangam
671 658 765 738 prius
791 677 848 719 ora
871 657 1011 738 puellae:

234 775 375 838 'lantum
399 795 441 836 ne
467 774 596 854 signem
621 773 744 853 scripta
768 771 913 834 dolenda
936 771 1030 834 mihi.
1100 824 1102 830 .

188 888 225 954 Si
247 891 370 963 trahar,
394 892 432 950 ut
456 887 581 951 condar
603 888 742 950 loculis:
768 889 855 950 exire
879 887 1016 967 negaba

234 1006 453 1087 Adstringens
479 1004 600 1085 digitos
626 1005 703 1068 orbe
727 1006 856 1068 minore
880 1009 966 1069 tuos.
1196 1032 1224 1070 ro

187 1120 264 1184 Non
289 1142 349 1202 ego
374 1120 527 1183 dedecori
549 1121 610 1183 tibi
635 1121 707 1196 sim,
734 1141 809 1183 mea
832 1121 909 1194 vita,
936 1121 1076 1191 futurus,

235 1235 368 1314 Quodve
392 1240 487 1299 tener
511 1235 634 1317 digitus
659 1237 743 1298 ferre
768 1239 905 1311 recuset,
933 1255 1027 1297 onus.

187 1350 243 1413 Me
267 1372 351 1433 gere,
378 1372 453 1415 eum
478 1351 594 1414 calidis
618 1352 828 1434 perfunderis
852 1352 1014 1415 imbribus
1039 1356 1138 1427 artus,

233 1467 427 1549 Damnaque
452 1467 512 1531 sub
537 1488 702 1549 gemmam
726 1469 835 1550 perfer
859 1469 969 1530 euntis
994 1487 1105 1550 aquae;

190 1580 265 1658 Sed,
290 1587 381 1666 puto,
406 1588 439 1647 te
463 1584 554 1646 nuda
577 1605 652 1646 mea
675 1585 825 1647 membra
848 1584 987 1647 libidine
1013 1588 1156 1664 surgent,
1194 1612 1221 1648 rs

232 1699 274 1761 Et
296 1719 456 1781 peragam
479 1703 590 1781 partes
615 1700 735 1762 anulus
759 1700 816 1761 ille
840 1700 913 1762 viri.

185 1814 294 1879 Inrita
317 1815 397 1897 quid
419 1820 547 1879 voveo?
568 1836 708 1897 parvum
731 1815 938 1898 proficiscere
962 1837 1105 1879 munus:

231 1931 295 1994 Illa
319 1931 431 1995 datam
455 1937 564 1995 tecum
590 1933 713 1995 sentiat
737 1953 809 1995 esse
832 1931 951 1995 fidem!

616 2217 700 2280 XVI.

95 2397 100 2402 “
185 2392 267 2456 Pars
290 2415 343 2456 me
369 2393 483 2457 Sulmo
507 2398 600 2457 tenet
623 2395 762 2474 Paeligni
785 2396 885 2458 tertia
909 2396 1004 2469 ruris,

230 2509 343 2585 Parva,
370 2509 428 2572 sed
451 2510 593 2591 inriguis
618 2530 676 2572 ora
700 2510 841 2572 salubris
867 2510 970 2591 aquis.

186 2621 246 2688 Sol
267 2625 346 2688 licet
371 2624 504 2688 admoto
527 2625 682 2687 tellurem
707 2624 814 2688 sidere
837 2624 950 2700 findat,

230 2739 272 2804 Et
295 2741 395 2803 micet
417 2740 517 2802 Icarii
541 2741 638 2803 stella
661 2745 815 2822 proterva
839 2741 949 2802 canis:

183 2855 273 2921 Arva
294 2859 509 2938 pererrantur
532 2857 678 2937 Paeligna
702 2857 906 2939 liquentibus
930 2858 1030 2921 undis
1205 2887 1219 2922 s

229 2969 271 3033 Et
294 2972 379 3034 viret
401 2972 438 3035 in
461 2975 577 3035 tenero
601 2973 721 3036 fertilis
746 2974 849 3036 herba
877 2976 959 3038 solo.
983 3019 987 3028 .

186 3083 285 3148 Perre
307 3087 398 3149 ferax
422 3086 550 3151 Cereris
573 3088 745 3170 multoque
769 3089 910 3152 feracior
933 3091 1015 3165 uvis,

230 3192 296 3256 Dat
319 3214 449 3276 quoque
473 3195 653 3257 baciferam
676 3196 813 3259 Pallada
836 3219 930 3260 rarus
956 3219 1042 3278 ager,

184 3306 309 3389 Perque
333 3314 542 3390 resurgentes
566 3311 646 3373 rivis
671 3312 860 3377 labentibus
884 3315 1004 3377 herbas

229 3421 429 3487 Gramineus
453 3425 622 3488 madidam
646 3448 768 3509 caespes
793 3429 967 3492 obumbrat
991 3431 1140 3492 humum.
1190 3458 1218 3496 ιο

183 3537 227 3600 At
249 3559 343 3601 meus
366 3539 455 3620 ignis
480 3542 592 3605 abest:
617 3544 716 3606 verbo
740 3546 949 3624 peccavimus
977 3546 1065 3607 uno!

230 3654 308 3732 Qua
332 3661 444 3752 movet
467 3657 611 3734 ardores,
640 3665 689 3723 est
713 3662 847 3742 procul;
874 3651 977 3724 ardor
995 3660 1098 3723 adest.

180 3769 256 3834 Non
281 3792 350 3853 ego,
377 3773 405 3835 si
428 3773 558 3836 medius
582 3774 715 3839 Polluce
741 3780 773 3839 et
797 3774 931 3841 Castore
954 3796 1069 3858 ponar,

226 3889 267 3951 In
291 3890 363 3952 caeli
387 3891 515 3953 sinete
539 3895 632 3972 parte
658 3893 759 3955 luisse
783 3893 893 3957 velim.

181 4001 325 4070 Solliciti
348 4007 480 4071 iaceant
501 4012 655 4090 terraque
679 4014 873 4090 premantur
896 4009 1020 4091 iniqua,
1187 4039 1216 4075 ιε

226 4120 267 4184 In
289 4121 408 4203 longas
434 4124 547 4186 orbem
571 4125 627 4207 qui
653 4144 785 4188 secuere
809 4127 899 4200 vias3
