2896 4754
553 353 688 396 AMORUM
706 353 755 397 III.
777 349 882 396 14-15.

245 531 301 594 Nil
324 530 476 612 equidem
500 531 687 611 inquiram:
711 549 783 605 nec,
808 549 879 609 quae
903 529 1009 590 celare
1032 527 1176 610 parabis,

290 647 458 729 Insequar,
486 651 518 711 et
541 647 613 709 falli
637 647 785 709 muneris
809 647 916 708 instar
939 644 1019 719 erit;

248 761 282 825 Si
306 768 419 826 tamen
443 763 479 824 in
503 762 613 824 media
638 761 802 842 deprensa
824 760 978 824 tenebere
1002 759 1108 842 culpa,

291 879 333 941 Et
357 879 482 940 fuerint
507 877 612 940 oculis
636 877 757 959 probra
780 875 924 938 videnda
946 875 1039 945 meis.

202 1023 230 1059 rs
250 993 329 1071 Quae
353 995 436 1057 bene
460 995 532 1058 visa
555 994 640 1057 mihi
664 993 798 1068 fuerint,
824 993 907 1056 bene
932 992 1002 1055 visa
1029 996 1170 1073 negato:

295 1108 485 1174 Concedent
508 1111 618 1173 verbis
641 1110 772 1172 lumina
794 1114 910 1173 nostra
931 1109 1009 1172 tuis.

249 1226 355 1288 Prona
378 1227 440 1289 tibi
463 1226 552 1288 vinci
576 1226 764 1309 cupientem
787 1226 918 1288 vincere
942 1225 1093 1307 palmast,

293 1340 343 1404 Sit
366 1340 465 1404 modo
495 1361 582 1403 «non
605 1341 685 1403 fecii
714 1340 821 1402 dicere
845 1340 961 1421 lingua
983 1360 1130 1403 memor:

248 1457 330 1520 Cum
353 1457 415 1519 tibi
439 1457 609 1537 contingat
632 1457 739 1519 verbis
765 1477 919 1537 superare
944 1455 1080 1530 duobus,

201 1603 231 1639 so
293 1574 365 1636 Etsi
388 1594 458 1636 non
483 1594 591 1648 causa,
616 1573 725 1636 iudice
750 1575 846 1635 vince
870 1576 949 1636 tuot

683 1770 750 1833 XV.
801 1771 803 1775 ’

250 1924 365 2002 Quaere
390 1946 514 1989 novum
539 1930 659 1999 vatem,
685 1929 876 1987 tenerorum
894 1929 1001 1987 mater
1024 1924 1206 1987 Amorum:

292 2041 433 2104 Raditur
455 2043 510 2104 hic
534 2042 636 2123 elegis
660 2041 780 2104 ultima
802 2045 892 2103 meta
915 2041 1016 2115 meis;

251 2157 340 2235 Quos
366 2177 426 2237 ego
451 2159 623 2239 conposui,
648 2159 789 2239 Paeligni
812 2159 898 2221 ruris
924 2157 1088 2230 alumnus,

293 2275 370 2352 (Nec
394 2294 446 2336 me
472 2274 598 2337 deliciae
622 2274 801 2337 dedecuere
825 2276 919 2351 mear)

217 2390 366 2472 abiquid
389 2390 423 2452 id
447 2394 506 2465 est,
532 2411 637 2472 usque
662 2411 681 2453 0
704 2391 836 2471 proavis
860 2394 955 2453 vetus
976 2387 1103 2451 ordinis
1127 2390 1235 2464 heres,

293 2507 367 2569 Non
391 2506 490 2569 modo
514 2506 647 2569 militia
671 2506 804 2569 turbine
828 2508 935 2568 factus
960 2526 1069 2587 eques.

248 2623 388 2686 Mantua
410 2623 556 2704 Vergilio
582 2622 710 2703 gaudet,
736 2622 868 2686 Verona
891 2620 1039 2697 Catullo;

293 2739 446 2819 Paelignre
472 2738 562 2801 dicar
586 2739 692 2819 gloria
716 2741 825 2821 gentis
851 2760 921 2821 ego,

250 2854 356 2932 Quam
381 2876 441 2918 sua
464 2856 601 2918 libertas
626 2859 668 2921 ad
691 2860 834 2921 honesta
858 2858 1009 2938 coegerat
1033 2875 1134 2923 arma.

204 3001 231 3037 ιο
262 2969 265 2974 ’
294 2970 377 3035 Cum
401 2974 515 3037 timuit
540 2975 646 3037 socias
672 2976 769 3038 anxia
792 2974 899 3036 Roma
920 2991 1051 3034 manus.

248 3088 353 3170 Atque
379 3089 498 3171 aliquis
524 3095 677 3172 spectans
701 3093 823 3172 hospes
848 3088 1017 3152 Sulmonis
1042 3088 1161 3169 aquosi

294 3204 427 3280 Minnio,
455 3226 525 3289 quae
551 3209 659 3288 campi
682 3209 797 3288 iugera
819 3227 926 3288 pauca
948 3209 1073 3279 tenent,

253 3317 351 3394 «Qua
374 3324 523 3384 tantum»
552 3323 638 3386 dicet
667 3324 840 3405 «potuistis
865 3325 949 3386 ferre
973 3325 1105 3402 poetarn,

295 3433 605 3520 Quantulacumque
631 3440 720 3516 estis,
747 3460 805 3502 vos
831 3461 891 3521 ego
915 3459 1038 3520 magna
1060 3459 1173 3501 voco».

204 3550 344 3615 1cl'ulte
368 3574 451 3634 puer
473 3557 633 3638 puerique
657 3577 779 3638 parens
802 3557 1001 3620 Amathusia
1024 3555 1113 3627 culti,

293 3667 401 3731 Aurea
425 3670 463 3733 de
489 3692 606 3755 campo
630 3673 743 3736 vellite
768 3673 863 3752 signa
886 3672 981 3734 meo!

249 3783 409 3866 Corniger
432 3788 596 3870 increpuit
619 3791 734 3870 thyrso
759 3791 907 3869 graviore
931 3789 1068 3869 Lyaeus:

292 3901 493 3967 Pulsandast
515 3907 647 3987 magnis
672 3927 748 3969 area
771 3907 879 3968 maior
908 3907 1010 3986 equis.

248 4016 392 4082 Inbelles
417 4022 510 4103 elegi,
537 4023 678 4104 genialis
702 4022 808 4097 Musa,
833 4023 950 4097 valete,

204 4163 232 4200 20
294 4135 372 4225 Post
395 4157 469 4198 mea
492 4158 691 4201 mansurum
715 4141 784 4202 fata
808 4144 976 4222 superstes
1002 4141 1104 4218 opus!
