2896 4754
535 355 669 399 AMORUM
689 355 737 398 111.
759 353 785 399 b.

182 531 273 594 Dum
297 532 386 595 iacet
409 536 442 594 et
464 531 556 594 lente
580 534 752 594 revocatas
777 531 925 593 ruminat
949 530 1069 593 herbas

173 721 175 726 ,
229 648 336 728 Atque
351 648 482 711 'iterum
506 650 602 727 pasto
626 645 774 728 pascitur
796 648 874 708 ante
899 645 980 722 cibo,

183 761 287 825 Visus
311 766 392 839 erat,
417 781 537 825 somno
561 763 649 824 vires
674 761 854 838 adimente,
880 762 981 825 feraci

232 874 451 959 Cornigerum
475 881 564 940 terra
588 877 785 958 deposuisse
810 881 917 959 caput.
1196 905 1223 941 so

185 991 263 1056 Huc
286 993 415 1057 levibus
439 994 555 1056 cornix
577 993 694 1075 pinnis
719 993 858 1074 delapsa
881 1013 941 1075 per
964 1012 1062 1056 auras

230 1108 331 1173 Venit
355 1115 388 1173 et
411 1110 449 1172 in
471 1109 570 1174 viridi
594 1109 730 1190 garrula
753 1109 841 1173 sedit
865 1109 967 1173 humo

189 1224 316 1306 Terque
341 1223 435 1287 bovis
460 1226 564 1287 niveae
588 1226 756 1306 petulanti
781 1228 915 1306 pectora
939 1228 1047 1287 rostro

233 1338 332 1403 Fodit
355 1344 387 1403 et
411 1340 556 1403 albentis
580 1340 704 1403 abstuli
744 1360 799 1403 ore
824 1339 928 1404 iubas.

187 1455 252 1519 llla
275 1456 387 1518 locum
411 1459 611 1537 taurumque
636 1454 694 1517 diu
717 1458 872 1518 cunctata
891 1454 1059 1535 relinquit,
1196 1482 1224 1518 ce

234 1568 310 1650 (Sed
333 1572 430 1652 niger
452 1572 488 1633 in
512 1591 617 1634 vaccae
641 1574 774 1652 pectore
798 1571 885 1634 livor
909 1574 990 1647 erat)

185 1686 294 1770 thue
318 1687 436 1770 procul
459 1687 543 1749 vidit
566 1691 740 1768 carpentes
764 1687 887 1767 pabula
909 1690 1033 1760 tauros,

233 1800 432 1883 (Carpebant
456 1803 544 1866 tauri
567 1803 690 1884 pabula
714 1803 792 1866 laeta
815 1803 942 1884 procul)

185 1917 271 1982 Illuc
296 1937 330 1981 se
354 1916 465 1998 rapuit
488 1917 707 1998 gregibusque
731 1919 905 1981 inmiscuit
927 1919 997 1981 illis

231 2033 273 2094 Et
295 2032 394 2115 petiit
417 2032 527 2095 herbae
551 2032 724 2095 fertilioris
749 2033 899 2096 humum.
1196 2061 1224 2096 co

188 2149 250 2211 Dic
274 2168 344 2230 age,
369 2152 550 2224 nocturnae,
578 2149 778 2229 quicumque
803 2169 847 2225 es,
873 2149 1030 2230 imaginis
1055 2167 1170 2228 augur.

235 2263 352 2347 Siquid
375 2264 502 2327 habent
524 2264 604 2337 veri,
630 2264 701 2327 visa
725 2263 805 2346 quid
828 2265 893 2326 ista
917 2265 1054 2327 ferant.»

189 2377 244 2442 Sic
269 2401 347 2462 ego;
368 2385 541 2443 nocturnae
566 2381 614 2449 sic
637 2379 720 2443 dixit
744 2381 902 2461 imaginis
927 2401 1041 2459 augur,

233 2496 435 2579 Expendens
460 2496 573 2559 animo
598 2496 731 2577 singula
756 2496 844 2560 dicta
868 2516 948 2559 suo:

194 2609 319 2687 «Quem
344 2614 381 2673 tu
404 2609 584 2673 mobilibus
610 2610 699 2673 foliis
724 2611 829 2673 vitare
853 2609 999 2685 volebas,
1198 2637 1226 2672 a

235 2724 299 2789 Sed
322 2726 411 2789 male
434 2725 573 2802 vitabas,
599 2729 699 2789 aestus
724 2727 847 2788 amoris
872 2705 951 2789 erat.

56 2852 63 2866 ·
188 2841 296 2906 Vacca
319 2843 429 2924 puella
455 2847 565 2906 tuest:
591 2848 688 2924 aptus
713 2843 803 2905 color
827 2843 885 2904 ille
910 2842 1030 2923 puella
1043 2865 1050 2916 ;

235 2958 283 3021 Tu
305 2959 357 3022 vir
381 2961 414 3020 et
437 2959 473 3020 in
497 2978 596 3021 vacca
620 2978 763 3038 conpare
787 2961 903 3020 taurus
928 2976 1017 3031 eras3

190 3073 327 3138 Pectora
351 3074 440 3157 quod
463 3079 571 3139 rostro
596 3075 711 3138 cornix
734 3073 881 3137 fodiebat
906 3077 1014 3146 acuto,

235 3190 413 3273 Ingenium
439 3193 583 3257 dominae
606 3193 684 3255 lena
708 3192 864 3255 movebat
888 3212 990 3266 anus;
1200 3216 1228 3254 lo

191 3306 469 3385 Quod-cunctata
492 3309 550 3371 diu
573 3312 706 3372 taurum
732 3329 792 3371 sua
815 3328 915 3370 vacca
939 3308 1082 3389 reliquit,

235 3423 390 3505 Frigidus
414 3424 451 3485 in
475 3423 575 3486 viduo
600 3423 781 3486 destituere
806 3425 899 3496 toro;

189 3539 292 3603 Livor
316 3543 349 3602 et
372 3539 510 3602 adverso
535 3539 674 3601 maculae
698 3538 759 3601 sub
783 3541 918 3619 pectore
942 3538 1045 3617 nigrae

236 3655 355 3719 Pectus
378 3654 536 3718 adulterii
559 3654 634 3718 labe
659 3676 771 3718 carere
795 3658 949 3736 negant.»

189 3771 328 3835 Dixerat
350 3773 534 3852 interpres:
560 3771 669 3853 gelido
694 3771 778 3834 mihi
803 3772 939 3852 sanguis
964 3770 1005 3833 ab
1030 3790 1086 3832 ore
1200 3797 1227 3833 a

238 3887 347 3969 Fugit,
375 3890 408 3951 et
433 3892 509 3950 ante
535 3889 649 3951 oculos
673 3907 739 3949 nox
764 3888 857 3950 stetit
881 3888 948 3950 alta
972 3904 1074 3948 meos.
