2896 4754
573 297 707 342 AMOBUM
726 301 773 343 111.
795 299 820 343 8.

219 471 348 554 Proque
373 471 462 535 bono
486 492 585 537 versu
608 474 754 555 primum
778 473 929 540 deducite
953 478 1080 558 pilum!

265 587 338 651 Hoc
362 587 433 665 tibi,
461 589 490 651 si
513 589 626 666 velles,
651 594 775 671 posset,
799 591 955 666 Homero,
982 592 1063 657 dari.

218 703 379 784 Iuppiter,
405 702 596 768 admonitus
621 706 708 768 nihil
733 726 805 770 esse
833 709 1003 788 potentius
1028 727 1119 783 auro,

264 814 434 902 Corruptae
459 821 605 902 pretium
628 822 768 902 virginis
792 823 864 904 ipse
889 822 971 887 fuit:
1225 854 1255 891 so

218 931 307 994 Dum
330 953 458 998 merces
482 934 605 1012 aberat,
631 934 735 999 durus
759 940 862 1017 pater,
888 937 962 1019 ipsa
986 957 1108 1014 severa,

261 1050 375 1113 Aerati
398 1054 522 1132 postes,
549 1051 656 1115 ferrea
678 1051 782 1115 turris
806 1026 895 1128 erat3

219 1160 283 1226 Sed
305 1169 483 1248 postquam
506 1167 641 1247 sapiens
666 1187 700 1230 se
725 1167 760 1229 in
784 1188 923 1231 munera
946 1169 1045 1232 vertit
1069 1169 1208 1246 adulter,

262 1280 407 1344 Praebuit
428 1281 503 1364 ipsa
526 1283 620 1346 sinus
645 1285 677 1345 et
701 1281 779 1346 dare
803 1284 896 1346 iussa
921 1283 1020 1347 dedit.

216 1396 260 1458 At
283 1416 359 1460 cum
381 1417 485 1478 regna
508 1417 608 1461 senex
631 1399 703 1461 caeli
728 1396 891 1463 Saturnus
916 1399 1062 1475 haberet,
1223 1432 1250 1468 os

232 1593 234 1596 y
261 1511 369 1576 Omne
392 1513 522 1577 lucrum
546 1516 693 1579 tenebris
717 1516 786 1579 alta
809 1516 981 1598 premebat
1005 1516 1147 1579 humus:

217 1630 366 1711 Aeraque
390 1634 423 1693 at
446 1635 620 1712 argentum
644 1653 783 1714 cumque
809 1653 889 1697 auro
913 1631 1063 1714 pondera
1086 1633 1165 1694 ferri

261 1744 417 1810 Manibus
442 1746 602 1825 admorat,
628 1749 786 1830 nullaque
810 1768 922 1812 massa
947 1749 1028 1823 fuit3

217 1861 259 1922 At
281 1861 421 1925 meliora
444 1861 562 1927 dabat:
587 1883 686 1926 curvo
712 1864 784 1926 sinc
808 1883 941 1927 vomere
966 1864 1077 1943 fruges

261 1975 428 2059 Pomaque
453 1981 486 2040 et
507 1978 545 2040 in
569 1997 691 2058 quercu
714 1977 816 2040 mella
839 1982 970 2059 roperta
994 1997 1083 2041 cava.
1220 2006 1248 2042 ιο

218 2091 284 2154 Nec
306 2092 417 2155 valido
442 2092 619 2175 quisquam
642 2074 766 2155 terram
791 2092 962 2156 scindebat
987 2096 1108 2169 aratro,

265 2206 426 2289 Signabat
448 2208 544 2272 nullo
568 2207 674 2270 limite
698 2227 833 2270 mensor
856 2208 1006 2281 humum,

218 2324 293 2387 Non
317 2325 402 2387 freta
426 2323 569 2387 demisso
594 2323 769 2385 verrebant
793 2324 887 2385 eruta
909 2341 1020 2384 remo:

262 2440 389 2504 Ultima
410 2439 544 2502 mortali
567 2441 641 2501 tum
664 2437 719 2500 via
742 2436 823 2499 litus
848 2439 925 2499 erat

217 2553 340 2618 Contra
364 2559 396 2618 te
420 2555 546 2631 sollers,
572 2554 749 2617 hominum
774 2554 903 2626 natura,
929 2551 1022 2614 fuisti
1170 2611 1173 2616 .
1218 2583 1246 2618 rr,

260 2669 303 2734 Et
326 2671 469 2733 nimium
491 2669 624 2733 damnis
648 2667 825 2748 ingeniosa
848 2667 935 2730 tuis:

217 2784 289 2862 Quo
311 2785 382 2860 tibi,
408 2785 536 2850 turritis
560 2784 730 2864 incingere
754 2782 921 2846 moenibus
944 2784 1071 2846 urbes?

261 2898 332 2977 Quo
355 2900 426 2977 tibi,
452 2900 619 2963 discordes
644 2899 763 2962 addere
786 2900 824 2961 in
848 2918 940 2961 arma
962 2901 1108 2961 manus?

217 3013 304 3091 Quid
325 3016 388 3079 tibi
411 3036 488 3078 cum
510 3016 654 3098 pelago?
677 3019 765 3077 terra
789 3016 946 3076 contenta
970 3013 1112 3076 fuisses!

260 3131 325 3196 Cur
348 3152 418 3194 non
441 3135 473 3194 et
497 3132 623 3207 osclum,
648 3130 747 3194 tertia
770 3149 881 3211 regna,
906 3129 1017 3210 petis?
1218 3159 1247 3196 so

216 3247 288 3326 Qua
309 3249 396 3325 lieet,
415 3248 559 3311 adfectas
575 3248 693 3310 carlum
717 3266 864 3328 quoque:
889 3245 1014 3326 templa
1032 3244 1201 3322 Quirinus,

258 3363 359 3428 Liber
383 3367 415 3426 et
437 3363 568 3426 Alcides
593 3367 626 3425 et
649 3361 748 3425 modo
773 3360 882 3424 Cacsar
906 3360 1041 3423 habent.

214 3480 370 3543 Eruimus
389 3483 478 3542 terra
502 3476 646 3541 solidum
669 3498 729 3559 pro
753 3476 904 3557 frugibus
929 3494 1066 3550 aurum;

256 3595 410 3659 Possidet
433 3596 588 3658 inventas
614 3594 777 3674 sanguine
801 3593 898 3655 miles
924 3611 1021 3672 opes;

213 3711 313 3776 Curia
334 3711 536 3795 pauperibus
561 3711 726 3785 olausast;
751 3709 808 3772 dat
832 3729 950 3771 census
975 3711 1137 3781 honores;
1216 3737 1244 3771 55

257 3828 339 3891 Inda
363 3828 471 3909 gravis
495 3827 602 3901 iudex,
628 3825 705 3889 inde
731 3845 864 3888 severus
889 3845 997 3907 eques.

214 3942 334 4008 Omnia
357 3943 567 4027 possideant3
594 3943 663 4006 iilis
687 3939 896 4023 Campusque
921 3941 1094 4019 forumque

258 4057 394 4136 Serviat,
419 4060 456 4123 hi
478 4080 595 4140 pacem
618 4057 784 4140 crudaque
808 4057 896 4119 bella
920 4060 1053 4137 gerant:

176 4184 311 4235 Nemetae:
327 4185 352 4225 P.
369 4183 448 4226 Ovidii
462 4183 571 4226 Nasonis
585 4182 696 4224 Amores.
1121 4177 1136 4226 6
