2896 4754
521 119 563 160 m
578 118 628 162 111.
646 117 671 174 a,
684 116 790 164 ss-a.
1167 100 1219 151 ms

74 286 355 361 Meistersehalen,
377 310 406 366 p.
440 292 506 350 348.
540 289 584 350 ef.
611 294 706 350 etiam
729 311 821 367 supra
842 292 883 350 H.
906 293 935 363 d,
957 293 1014 352 Ἧι
1041 295 1221 373 «Culpantis

81 399 214 473 cupiam
236 400 417 457 sustinuisse
439 398 565 456 femur.»
590 434 630 439 —-
652 399 819 470 Milanion,
842 399 1144 473 amat01·Atalantae,
1168 406 1221 478 qui

85 503 227 580 puellam
247 507 414 565 venantem
435 507 469 562 in
491 507 576 564 silvis
600 504 738 564 Arcadius
770 507 935 564 comitatus
965 511 1029 578 est;
1061 508 1097 567 of.
1130 510 1218 586 Prop.

88 613 113 670 L
142 613 166 682 1,
190 613 307 672 9--—1a:
335 615 503 672 «Milanion
523 614 625 671 nullos
645 613 803 688 fugiendo,
818 613 914 684 Tulle,
929 613 1048 673 labores
1064 614 1221 675 Saevitiam

90 720 176 777 durae
199 718 340 777 contudit
361 718 498 778 Iasidos:
524 720 603 777 Nam
634 717 726 777 modo
756 717 933 776 Partheniis
964 738 1071 778 amens
1102 721 1224 780 errabat

89 828 126 883 in
149 827 257 896 antris,
279 825 348 885 Ibat
370 829 401 885 et
422 827 558 883 hirsutas
579 826 632 884 ille
653 825 757 884 videre
788 825 894 884 ieras.»
989 827 1220 887 Atalantes...

89 932 228 1008 fugacia,
252 952 318 1008 ques
340 935 500 991 celerrima
522 951 613 990 eursu
633 920 861 1008 insequebatur
875 932 964 1005 ieras;
986 933 1022 992 ef.
1047 932 1115 992 adn.
1131 954 1223 1010 supra

92 1037 134 1096 ad
154 1037 179 1096 I.
204 1039 230 1108 7,
256 1039 310 1097 13:
338 1038 564 1097 «Schoeneida»
589 1074 602 1079 -
652 1058 756 1108 emera,
778 1042 845 1096 erat
866 1041 950 1097 enim
971 1039 1117 1099 Atalanta
1130 1055 1222 1100 rena·

90 1145 181 1202 trinis
203 1162 288 1203 more
310 1145 474 1213 succincta,
500 1146 519 1202 i.
552 1162 576 1202 e.
609 1142 748 1202 eruribus
778 1142 878 1203 nudis.
962 1146 1151 1221 pingantur,
1183 1166 1221 1205 se.

90 1254 128 1308 in
150 1250 263 1309 tabulis
293 1253 393 1327 pictis,
425 1288 464 1293 -—
494 1254 663 1311 saeetaetoe
693 1272 788 1311 orara
813 1253 936 1325 Diaaoe,
958 1255 993 1312 ut
1015 1252 1067 1312 Ov.
1090 1253 1162 1313 Met.
1186 1254 1222 1312 X.

90 1359 173 1418 836:
200 1357 293 1416 «Fine
313 1377 411 1434 genus
432 1362 550 1418 vestem
572 1361 634 1416 ritu
657 1361 812 1417 succincta
832 1359 973 1430 Dianam
989 1359 1025 1417 el.
1042 1360 1130 1436 Verg.
1146 1361 1222 1419 Aen.
1288 1348 1291 1353 ¹

90 1466 118 1524 Ι.
143 1466 323 1526 318—3202
350 1465 505 1542 «Namque
527 1468 642 1524 umeris
674 1465 710 1525 de
742 1484 826 1525 more
857 1465 992 1525 habilem
1023 1467 1226 1542 suspenderat

92 1591 202 1631 areum
234 1573 384 1632 Venatrix
417 1572 602 1648 dederatque
635 1592 756 1632 eomam
788 1572 962 1632 diffundere
993 1577 1104 1645 ventis,
1135 1575 1226 1634 Nuda

91 1699 179 1753 genu
200 1678 342 1757 nodoque
365 1682 451 1738 sinus
473 1681 601 1739 collecta
621 1678 772 1738 fluentis.»

152 1787 186 1846 V.
210 1787 257 1845 33.
281 1787 359 1863 qaid
379 1789 431 1864 fiet
462 1789 501 1846 ab
533 1790 617 1862 ipsis,
648 1791 812 1862 postquam
843 1789 911 1863 ipsa
941 1808 1031 1848 anna
1059 1789 1130 1860 vidi,
1162 1809 1226 1848 non

93 1893 221 1950 tantum
241 1892 431 1951 lineamenta
452 1912 576 1951 crurum
598 1893 654 1951 sub
674 1896 767 1951 veste.
790 1929 829 1934 --
852 1894 890 1953 ab
912 1896 996 1969 ipsis,
1018 1893 1078 1954 hoo
1099 1896 1164 1955 loeo
1187 1899 1226 1956 ab

94 2017 223 2058 oausam
244 1998 398 2074 signifieat
419 2003 560 2074 exemplo
582 2000 753 2074 Propertii;
777 1999 814 2059 ei.
835 2000 927 2074 Prop.
950 2000 975 2059 Ι.
1000 2000 1046 2072 16,
1068 2003 1105 2061 d:
1134 2001 1226 2079 «Sup-

94 2110 186 2185 plieis
208 2126 226 2165 a
246 2107 346 2182 longis
368 2109 487 2166 tristior
508 2108 672 2178 excubiis»,
694 2108 736 2166 IL
759 2109 806 2177 27,
830 2086 879 2166 ¹11:
906 2109 1044 2185 «quando
1073 2112 1228 2184 periturus

95 2219 129 2275 et
151 2235 169 2274 a
191 2235 251 2292 qua
274 2215 403 2286 Morte»,
434 2216 492 2274 III.
525 2216 573 2286 25,
604 2218 640 2276 ὃς
677 2215 821 2291 «Semper
852 2215 890 2274 ab
920 2217 1050 2286 insidiis,
1083 2217 1226 2294 Cynthia,

96 2324 173 2382 flere
195 2327 303 2393 soles»,
327 2324 380 2384 IV.
403 2325 431 2395 3,
453 2325 511 2384 39:
539 2343 622 2399 «quae
645 2323 760 2402 (tellus)
782 2327 882 2401 putris
905 2323 942 2383 ab
964 2327 1065 2385 aestu»
1089 2315 1131 2366 --’
1143 2328 1228 2401 ipsis.

97 2431 278 2491 emendavit
296 2433 453 2492 Lucienus
474 2432 621 2504 Mueller;
644 2433 763 2492 codices
784 2432 919 2493 habent:
941 2435 1016 2493 istis.

153 2539 189 2598 V.
213 2539 260 2597 36.
285 2540 341 2598 sab
364 2541 474 2619 terrai.
492 2586 499 2598 .
516 2585 522 2598 .
539 2545 628 2610 vesle,
652 2543 757 2615 quales
786 2539 935 2614 gerebant
965 2542 1159 2610 meretrices;
1192 2541 1228 2599 el.

98 2665 194 2720 snpra
215 2645 286 2705 adn.
311 2645 350 2704 ad
371 2647 428 2704 ΙΠ.
455 2648 479 2715 1,
503 2648 540 2707 9;
568 2649 678 2705 «vestis
699 2648 908 2705 tenuissima.»

156 2753 190 2812 V.
214 2752 342 2812 37--38.
366 2755 495 2828 faciles.
513 2801 519 2813 .
537 2801 543 2813 .
559 2761 673 2826 eeatos,
696 2753 834 2812 mobiles.
857 2789 897 2796 »-
919 2754 1042 2826 tabella,
1064 2751 1229 2821 flabellum,

98 2863 136 2917 ut
157 2859 212 2918 Ov.
234 2858 269 2918 A.
292 2857 327 2916 A
350 2859 374 2917 I.
400 2860 467 2919 161:
494 2859 630 2918 «Proluit
651 2863 682 2917 et
700 2862 787 2918 tenui
801 2862 894 2919 vento
910 2861 1041 2918 movisse
1056 2858 1227 2917 tabellam.»

156 2966 191 3025 V.
213 2965 262 3024 40.
293 2966 450 3040 femineas
465 3013 472 3025 .
489 3013 495 3025 .
512 3013 518 3026 .
536 2986 633 3036 amor,
666 2986 753 3025 amor
782 2969 816 3024 in
846 2966 1004 3035 feminam,
1037 2967 1086 3023 eui
1116 2968 1232 3041 opponi

102 3075 182 3132 solet
202 3092 289 3131 amor
310 3074 344 3130 in
365 3091 486 3148 pueros,
509 3073 614 3132 Graece
637 3067 789 3152 ἀρσενικὴ
813 3070 938 3152 Κύπρις.

157 3181 193 3240 V.
215 3180 344 3238 dl-la.
367 3180 454 3238 Deua
475 3180 593 3256 loquor,
616 3181 690 3239 alba
711 3181 771 3239 leot
790 3185 929 3254 sparsast
952 3179 1009 3238 titt
1035 3181 1164 3254 preloere
1185 3198 1233 3237 oe-

102 3291 180 3348 stis:
211 3286 344 3349 Sordide
374 3291 412 3348 de
442 3290 532 3347 oetaeo
564 3306 690 3363 corpore
716 3289 824 3364 paleis
854 3288 917 3358 abt,
947 3289 983 3345 ut
1013 3286 1066 3346 Ov.
1091 3286 1126 3346 Α.
1150 3287 1184 3346 Α.
1208 3286 1231 3343 Ι.

106 3395 282 3455 lla-150:
310 3395 427 3471 «thue
449 3394 492 3464 fit,
515 3396 550 3452 in
571 3396 723 3469 gremium
744 3394 846 3469 pulvis
868 3396 894 3452 si
915 3393 994 3451 forte
1015 3396 1125 3467 puellae
1144 3376 1234 3452 Deoi-

104 3503 194 3572 derit,
218 3501 323 3576 digitis
344 3500 546 3560 exoutiendus
568 3502 652 3558 erit.»
1191 3568 1193 3572 ,

159 3608 195 3668 V.
217 3608 346 3667 43---ea
373 3605 434 3668 Sed
465 3609 533 3665 iam
558 3624 679 3681 pompa
709 3607 803 3679 oeait,
834 3622 949 3678 pompa
979 3605 1132 3672 circensis,
1165 3621 1235 3660 oum

105 3719 179 3775 ante
201 3714 290 3773 ludos
313 3717 494 3774 commissos
516 3714 669 3787 imagines
693 3711 823 3770 deorum
843 3712 878 3768 in
894 3728 965 3768 area
979 3708 1235 3767 circumfereban-

105 3834 164 3882 tur.
250 3822 370 3898 liagais
391 3823 571 3896 animisque
592 3820 702 3894 favete,
724 3821 743 3876 i.
767 3836 792 3876 e.
816 3818 976 3875 silentium
998 3817 1038 3874 sit
1069 3817 1099 3873 et
1128 3816 1235 3889 impri-

105 3933 167 3989 mis
188 3931 295 4003 paroat
317 3931 444 4003 quisque
466 3927 567 3985 verbis
590 3929 670 3984 male
693 3925 841 3984 ominatis
863 3925 1028 3998 animoque
1050 3924 1169 3980 attenta
1184 3921 1236 3978 ad·

163 4044 281 4096 Nemetae
291 4055 299 4085 .·
314 4046 339 4087 P.
358 4043 438 4086 Ovidii
452 4044 564 4087 Nasonis
580 4045 690 4085 Amores.
760 4057 761 4060 ¹
1096 4038 1128 4089 15
