2896 4754
596 353 730 397 AMORUM
750 353 785 396 11.
807 351 832 396 a.

660 583 715 644 IX.
730 579 769 644 Α.

242 756 268 820 Ο
292 779 477 840 numquam
500 781 560 840 pro
585 781 638 822 me
664 761 744 823 satis
769 759 941 840 indignate
967 757 1104 840 Cupide,

288 871 314 934 Ο
338 873 375 934 in
400 872 496 936 corde
521 895 595 936 mee
620 873 785 937 desidiose
808 895 900 956 puer,

242 984 329 1063 Quid
352 1009 415 1063 me,
441 990 499 1070 qui
522 990 619 1052 miles
645 1010 828 1071 numquam
851 994 910 1052 tua
935 990 1031 1070 signa
1054 988 1184 1070 reliqui,

283 1102 402 1177 haedis,
429 1108 461 1166 et
485 1106 521 1167 in
545 1105 662 1168 castris
686 1106 845 1169 vulneror
867 1107 939 1187 ipse
963 1106 1071 1168 meis?

212 1217 312 1282 sCur
333 1221 393 1282 tua
417 1222 471 1283 fax
493 1222 569 1297 urit,
595 1221 667 1302 figit
692 1227 769 1285 tuus
795 1243 889 1285 arcus
914 1222 1063 1285 amices?
1118 1244 1122 1252 ’

223 1379 227 1386 -
285 1334 400 1398 Gloria
423 1341 612 1417 pugnantes
637 1339 768 1400 vincere
793 1338 902 1401 maier
926 1340 1005 1401 erat.

239 1446 432 1525 Quidrnon
456 1451 663 1528 Haemonius,
677 1473 774 1534 quem
799 1452 934 1534 cuspide
958 1451 1225 1534 perculitheros

283 1563 484 1630 Confossum
508 1568 637 1631 medica
660 1568 838 1650 postmodo
865 1569 949 1631 iuvit
974 1570 1061 1650 ope?

237 1684 383 1749 Venator
408 1686 556 1765 sequitur
580 1686 750 1764 fugientia,
770 1688 866 1766 capta
890 1684 1057 1766 relinquit,

195 1833 224 1869 10
286 1800 423 1883 Semper
447 1805 479 1864 et
503 1802 650 1864 inventis
673 1803 833 1865 ulteriora
857 1802 950 1882 petit.

238 1919 305 1981 Nos
328 1922 388 1979 tua
412 1917 584 1991 sentimus
610 1917 755 1997 populus
779 1916 841 1978 tibi
864 1915 1004 1988 deditus,
1031 1935 1131 1990 arma,

282 2033 380 2113 Pigra
403 2031 581 2094 reluctanti
605 2036 713 2094 cessat
735 2033 771 2093 in
796 2032 891 2095 hoste
915 2051 1054 2120 manus..

240 2146 326 2226 Quid
349 2148 440 2210 iuvat
464 2147 499 2208 in
525 2146 624 2208 nudis
648 2148 785 2209 hamata
808 2146 983 2208 retundere
1007 2146 1076 2207 tela

283 2260 444 2325 Ossibus?
467 2282 543 2324 essa
566 2262 651 2323 mihi
674 2262 765 2324 nuda
788 2262 947 2343 relinquit
971 2247 1073 2324 arnor.

191 2407 219 2442 15
237 2377 297 2441 Tot
314 2379 386 2440 sine
404 2398 515 2440 amore
531 2378 603 2452 viri,
615 2381 665 2440 tot
682 2381 760 2440 sunt
777 2379 849 2439 sine
867 2397 979 2439 amore
995 2376 1136 2458 puellae:

281 2492 370 2558 Hinc
393 2493 456 2555 tibi
480 2514 555 2556 cum
578 2513 702 2574 magna
724 2493 822 2556 laude
847 2493 1037 2573 triumphus
1063 2496 1125 2563 eat,
1190 2524 1192 2529 ·

235 2608 350 2683 Roma,
376 2609 444 2670 nisi
466 2610 658 2671 inmensum
682 2609 768 2671 vires
792 2609 952 2671 movisset
975 2609 1010 2670 in
1036 2608 1158 2683 orbem,

281 2723 477 2789 Stramineis
502 2729 589 2788 esset
612 2747 701 2788 nunc
727 2747 855 2809 quoque
879 2730 967 2789 tecta
990 2725 1085 2789 casis,

235 2839 357 2903 Fessus
381 2841 417 2902 in
443 2845 594 2921 acceptes
618 2842 715 2904 miles
741 2841 914 2905 deducitur
939 2860 1044 2921 agros,

167 2984 218 3021 ¹ro
279 2955 426 3019 Mittitur
449 2957 485 3018 in
510 2957 614 3019 saltus
634 2977 767 3019 carcere
792 2958 876 3019 liber
900 2977 1022 3039 equus;

235 3071 416 3153 Longaque
441 3072 637 3135 subductam
661 3074 771 3135 celant
795 3073 929 3135 navalia
952 3073 1079 3153 pinum,

281 3187 427 3268 Tutaque
452 3187 604 3268 deposito
628 3189 778 3268 poscitur
801 3208 879 3250 ense
904 3187 1015 3249 rudis:

234 3302 288 3364 Me
313 3323 452 3384 queque,
479 3304 536 3385 qui
558 3305 683 3366 totiens
707 3305 815 3366 merui
839 3305 900 3365 sub
925 3324 1036 3366 amore
1061 3305 1192 3385 puellae,

279 3417 481 3479 Defunctum
506 3418 635 3498 placide
659 3420 768 3481 vivere
792 3422 924 3499 tempus
949 3421 1028 3482 erat.

663 3702 756 3766 lXB.

189 3904 216 3944 aa
239 3880 354 3942 «Vive»
383 3881 464 3943 deus
493 3884 639 3963 «posito»
669 3885 772 3966 siquis
797 3886 881 3947 mihi
906 3886 993 3947 dicat
1021 3906 1184 3953 «amore»,

278 3995 460 4078 Deprecer:
485 4019 589 4078 usque
615 3998 697 4061 adeo
723 4000 817 4062 dulce
841 4001 954 4081 puella
978 4001 1146 4063 malumst.

162 4149 164 4153 .
235 4111 316 4175 (lum
341 4113 424 4176 bene
449 4118 668 4195 pertaesumst‚
697 4117 874 4197 animoque
900 4118 1067 4197 relanguit
1091 4116 1200 4187 ardor,
