<?xml version="1.0" encoding="UTF-8"?>
<!DOCTYPE html PUBLIC "-//W3C//DTD XHTML 1.0 Transitional//EN"
    "http://www.w3.org/TR/xhtml1/DTD/xhtml1-transitional.dtd">
<html xmlns="http://www.w3.org/1999/xhtml" xml:lang="en" lang="en">
 <head>
  <title>
</title>
<meta http-equiv="Content-Type" content="text/html;charset=utf-8" />
  <meta name='ocr-system' content='tesseract 3.04.00' />
  <meta name='ocr-capabilities' content='ocr_page ocr_carea ocr_par ocr_line ocrx_word'/>
</head>
<body>
  <div class='ocr_page' id='page_1' title='image "./povidiinasonisa01ovidgoog_0050.png"; bbox 0 0 2896 4754; ppageno 0'>
   <div class='ocr_carea' id='block_1_1' title="bbox 543 288 1225 376">
    <p class='ocr_par' dir='ltr' id='par_1_1' title="bbox 543 288 1225 376">
     <span class='ocr_line' id='line_1_1' title="bbox 543 288 1225 376; baseline 0 -2"><span class='ocrx_word' id='word_1_1' title='bbox 543 316 678 376; x_wconf 82' lang='lat' dir='ltr'>lnonun</span> <span class='ocrx_word' id='word_1_2' title='bbox 697 331 731 374; x_wconf 88' lang='lat'>11.</span> <span class='ocrx_word' id='word_1_3' title='bbox 753 327 777 375; x_wconf 78' lang='lat' dir='ltr'>t.</span> <span class='ocrx_word' id='word_1_4' title='bbox 875 288 878 293; x_wconf 27' lang='grc' dir='ltr'>Ι</span> <span class='ocrx_word' id='word_1_5' title='bbox 1190 309 1225 360; x_wconf 77' lang='lat'>43</span> 
     </span>
    </p>
   </div>
   <div class='ocr_carea' id='block_1_2' title="bbox 186 507 1147 1736">
    <p class='ocr_par' dir='ltr' id='par_1_2' title="bbox 188 507 1147 821">
     <span class='ocr_line' id='line_1_2' title="bbox 190 507 1147 582; baseline -0.002 -12"><span class='ocrx_word' id='word_1_6' title='bbox 190 507 270 571; x_wconf 87' lang='lat' dir='ltr'>Haec</span> <span class='ocrx_word' id='word_1_7' title='bbox 285 509 347 571; x_wconf 88' lang='lat' dir='ltr'>tibi</span> <span class='ocrx_word' id='word_1_8' title='bbox 364 512 443 571; x_wconf 91' lang='lat' dir='ltr'>sunt</span> <span class='ocrx_word' id='word_1_9' title='bbox 458 528 598 582; x_wconf 85' lang='lat' dir='ltr'>mecum,</span> <span class='ocrx_word' id='word_1_10' title='bbox 616 508 701 571; x_wconf 92' lang='lat' dir='ltr'>mihi</span> <span class='ocrx_word' id='word_1_11' title='bbox 719 510 796 570; x_wconf 91' lang='lat' dir='ltr'>sunt</span> <span class='ocrx_word' id='word_1_12' title='bbox 813 507 1004 570; x_wconf 83' lang='lat' dir='ltr'>communia</span> <span class='ocrx_word' id='word_1_13' title='bbox 1020 511 1147 569; x_wconf 86' lang='lat' dir='ltr'>tecum:</span> 
     </span>
     <span class='ocr_line' id='line_1_3' title="bbox 234 623 1054 706; baseline -0.006 -19"><span class='ocrx_word' id='word_1_14' title='bbox 234 623 274 686; x_wconf 93' lang='lat' dir='ltr'>In</span> <span class='ocrx_word' id='word_1_15' title='bbox 298 625 387 687; x_wconf 86' lang='lat' dir='ltr'>bona</span> <span class='ocrx_word' id='word_1_16' title='bbox 410 645 469 687; x_wconf 89' lang='lat' dir='ltr'>cur</span> <span class='ocrx_word' id='word_1_17' title='bbox 492 624 667 706; x_wconf 84' lang='lat' dir='ltr'>quisquam</span> <span class='ocrx_word' id='word_1_18' title='bbox 690 624 809 686; x_wconf 87' lang='lat' dir='ltr'>tertius</span> <span class='ocrx_word' id='word_1_19' title='bbox 833 623 898 685; x_wconf 89' lang='lat' dir='ltr'>ista</span> <span class='ocrx_word' id='word_1_20' title='bbox 921 623 1054 684; x_wconf 66' lang='lat' dir='ltr'>venitis</span> 
     </span>
     <span class='ocr_line' id='line_1_4' title="bbox 188 735 1100 821; baseline -0.001 -20"><span class='ocrx_word' id='word_1_21' title='bbox 188 738 263 802; x_wconf 91' lang='lat' dir='ltr'>Hoc</span> <span class='ocrx_word' id='word_1_22' title='bbox 286 759 358 820; x_wconf 85' lang='lat' dir='ltr'>ego,</span> <span class='ocrx_word' id='word_1_23' title='bbox 384 758 519 821; x_wconf 84' lang='lat' dir='ltr'>quaeque</span> <span class='ocrx_word' id='word_1_24' title='bbox 544 737 640 801; x_wconf 82' lang='lat' dir='ltr'>dolor·</span> <span class='ocrx_word' id='word_1_25' title='bbox 662 738 787 818; x_wconf 75' lang='lat' dir='ltr'>lingua</span> <span class='ocrx_word' id='word_1_26' title='bbox 812 737 966 812; x_wconf 86' lang='lat' dir='ltr'>dictavit;</span> <span class='ocrx_word' id='word_1_27' title='bbox 992 735 1100 800; x_wconf 90' lang='lat' dir='ltr'>atilli</span> 
     </span>
    </p>

    <p class='ocr_par' dir='ltr' id='par_1_3' title="bbox 186 853 1122 1736">
     <span class='ocr_line' id='line_1_5' title="bbox 234 853 1028 938; baseline -0.005 -19"><span class='ocrx_word' id='word_1_28' title='bbox 234 854 376 919; x_wconf 76' lang='lat' dir='ltr'>Conscia</span> <span class='ocrx_word' id='word_1_29' title='bbox 398 875 584 938; x_wconf 88' lang='lat' dir='ltr'>purpureus</span> <span class='ocrx_word' id='word_1_30' title='bbox 607 855 699 917; x_wconf 82' lang='lat' dir='ltr'>venit</span> <span class='ocrx_word' id='word_1_31' title='bbox 723 855 759 917; x_wconf 89' lang='lat' dir='ltr'>in</span> <span class='ocrx_word' id='word_1_32' title='bbox 784 875 841 917; x_wconf 89' lang='lat' dir='ltr'>ora</span> <span class='ocrx_word' id='word_1_33' title='bbox 864 853 980 936; x_wconf 75' lang='lat' dir='ltr'>pudor3</span> <span class='ocrx_word' id='word_1_34' title='bbox 1026 878 1028 884; x_wconf 90' lang='lat'>·</span> 
     </span>
     <span class='ocr_line' id='line_1_6' title="bbox 190 970 970 1049; baseline -0.003 -17"><span class='ocrx_word' id='word_1_35' title='bbox 190 970 294 1048; x_wconf 81' lang='lat' dir='ltr'>Quale</span> <span class='ocrx_word' id='word_1_36' title='bbox 318 971 503 1034; x_wconf 86' lang='lat' dir='ltr'>coloratum</span> <span class='ocrx_word' id='word_1_37' title='bbox 528 970 663 1032; x_wconf 75' lang='lat' dir='ltr'>Tithoni</span> <span class='ocrx_word' id='word_1_38' title='bbox 687 970 827 1049; x_wconf 80' lang='lat' dir='ltr'>coniuge</span> <span class='ocrx_word' id='word_1_39' title='bbox 853 970 970 1033; x_wconf 88' lang='lat' dir='ltr'>caelum</span> 
     </span>
     <span class='ocr_line' id='line_1_7' title="bbox 235 1083 980 1166; baseline -0.003 -18"><span class='ocrx_word' id='word_1_40' title='bbox 235 1083 398 1148; x_wconf 83' lang='lat' dir='ltr'>Subrubet</span> <span class='ocrx_word' id='word_1_41' title='bbox 423 1087 479 1147; x_wconf 88' lang='lat' dir='ltr'>aut</span> <span class='ocrx_word' id='word_1_42' title='bbox 503 1104 627 1166; x_wconf 93' lang='lat' dir='ltr'>sponso</span> <span class='ocrx_word' id='word_1_43' title='bbox 651 1085 722 1147; x_wconf 86' lang='lat' dir='ltr'>visa</span> <span class='ocrx_word' id='word_1_44' title='bbox 746 1085 860 1166; x_wconf 89' lang='lat' dir='ltr'>puella</span> <span class='ocrx_word' id='word_1_45' title='bbox 883 1102 980 1154; x_wconf 87' lang='lat' dir='ltr'>novo,</span> 
     </span>
     <span class='ocr_line' id='line_1_8' title="bbox 189 1201 983 1282; baseline -0.004 -17"><span class='ocrx_word' id='word_1_46' title='bbox 189 1201 292 1280; x_wconf 78' lang='lat' dir='ltr'>Quale</span> <span class='ocrx_word' id='word_1_47' title='bbox 316 1222 400 1264; x_wconf 84' lang='lat' dir='ltr'>rosae</span> <span class='ocrx_word' id='word_1_48' title='bbox 424 1203 553 1282; x_wconf 76' lang='lat' dir='ltr'><strong>fulgent</strong></span> <span class='ocrx_word' id='word_1_49' title='bbox 577 1202 665 1263; x_wconf 85' lang='lat' dir='ltr'>inter</span> <span class='ocrx_word' id='word_1_50' title='bbox 689 1221 749 1264; x_wconf 90' lang='lat' dir='ltr'>sua</span> <span class='ocrx_word' id='word_1_51' title='bbox 772 1201 845 1264; x_wconf 88' lang='lat' dir='ltr'>lilia</span> <span class='ocrx_word' id='word_1_52' title='bbox 865 1201 983 1269; x_wconf 74' lang='lat' dir='ltr'>mixta,</span> 
     </span>
     <span class='ocr_line' id='line_1_9' title="bbox 232 1317 945 1397; baseline -0.003 -17"><span class='ocrx_word' id='word_1_53' title='bbox 232 1318 300 1382; x_wconf 83' lang='lat' dir='ltr'>Aut</span> <span class='ocrx_word' id='word_1_54' title='bbox 320 1318 378 1380; x_wconf 92' lang='lat' dir='ltr'>ubi</span> <span class='ocrx_word' id='word_1_55' title='bbox 403 1318 545 1380; x_wconf 89' lang='lat' dir='ltr'>cantatis</span> <span class='ocrx_word' id='word_1_56' title='bbox 568 1317 666 1380; x_wconf 88' lang='lat' dir='ltr'>Luna</span> <span class='ocrx_word' id='word_1_57' title='bbox 689 1317 819 1380; x_wconf 88' lang='lat' dir='ltr'>laborat</span> <span class='ocrx_word' id='word_1_58' title='bbox 843 1317 945 1397; x_wconf 88' lang='lat' dir='ltr'>equis,</span> 
     </span>
     <span class='ocr_line' id='line_1_10' title="bbox 187 1431 1106 1516; baseline -0.005 -19"><span class='ocrx_word' id='word_1_59' title='bbox 187 1435 254 1498; x_wconf 87' lang='lat' dir='ltr'>Aut</span> <span class='ocrx_word' id='word_1_60' title='bbox 277 1433 442 1516; x_wconf 61' lang='lat' dir='ltr'>quotane</span> <span class='ocrx_word' id='word_1_61' title='bbox 467 1435 577 1515; x_wconf 86' lang='lat' dir='ltr'>longis</span> <span class='ocrx_word' id='word_1_62' title='bbox 602 1432 777 1496; x_wconf 85' lang='lat' dir='ltr'>flavescere</span> <span class='ocrx_word' id='word_1_63' title='bbox 802 1434 908 1515; x_wconf 87' lang='lat' dir='ltr'>possit</span> <span class='ocrx_word' id='word_1_64' title='bbox 933 1433 973 1495; x_wconf 91' lang='lat' dir='ltr'>ab</span> <span class='ocrx_word' id='word_1_65' title='bbox 999 1431 1106 1504; x_wconf 81' lang='lat' dir='ltr'>annis,</span> 
     </span>
     <span class='ocr_line' id='line_1_11' title="bbox 231 1551 965 1631; baseline -0.004 -17"><span class='ocrx_word' id='word_1_66' title='bbox 231 1551 371 1614; x_wconf 77' lang='lat' dir='ltr'>Maeonis</span> <span class='ocrx_word' id='word_1_67' title='bbox 395 1552 568 1631; x_wconf 82' lang='lat' dir='ltr'>Assyrium</span> <span class='ocrx_word' id='word_1_68' title='bbox 592 1551 718 1614; x_wconf 88' lang='lat' dir='ltr'>femina</span> <span class='ocrx_word' id='word_1_69' title='bbox 741 1551 841 1612; x_wconf 81' lang='lat' dir='ltr'>tinxit</span> <span class='ocrx_word' id='word_1_70' title='bbox 866 1551 965 1624; x_wconf 83' lang='lat' dir='ltr'>ebur3</span> 
     </span>
     <span class='ocr_line' id='line_1_12' title="bbox 186 1664 1122 1736; baseline -0.004 -8"><span class='ocrx_word' id='word_1_71' title='bbox 186 1665 250 1728; x_wconf 90' lang='lat' dir='ltr'>Hic</span> <span class='ocrx_word' id='word_1_72' title='bbox 275 1670 345 1729; x_wconf 88' lang='lat' dir='ltr'>erat</span> <span class='ocrx_word' id='word_1_73' title='bbox 370 1668 427 1728; x_wconf 91' lang='lat' dir='ltr'>aut</span> <span class='ocrx_word' id='word_1_74' title='bbox 451 1666 553 1728; x_wconf 88' lang='lat' dir='ltr'>alicui</span> <span class='ocrx_word' id='word_1_75' title='bbox 577 1667 668 1728; x_wconf 92' lang='lat' dir='ltr'>color</span> <span class='ocrx_word' id='word_1_76' title='bbox 692 1665 750 1727; x_wconf 90' lang='lat' dir='ltr'>ille</span> <span class='ocrx_word' id='word_1_77' title='bbox 776 1665 969 1729; x_wconf 87' lang='lat' dir='ltr'>simillimus</span> <span class='ocrx_word' id='word_1_78' title='bbox 992 1664 1122 1736; x_wconf 91' lang='lat' dir='ltr'>horum,</span> 
     </span>
    </p>
   </div>
   <div class='ocr_carea' id='block_1_3' title="bbox 186 1782 1067 2223">
    <p class='ocr_par' dir='ltr' id='par_1_4' title="bbox 187 1782 1026 1978">
     <span class='ocr_line' id='line_1_13' title="bbox 230 1782 956 1864; baseline -0.001 -21"><span class='ocrx_word' id='word_1_79' title='bbox 230 1782 273 1844; x_wconf 84' lang='lat' dir='ltr'>Et</span> <span class='ocrx_word' id='word_1_80' title='bbox 295 1803 480 1864; x_wconf 76' lang='lat' dir='ltr'><strong>numquam</strong></span> <span class='ocrx_word' id='word_1_81' title='bbox 504 1802 582 1845; x_wconf 87' lang='lat' dir='ltr'>casu</span> <span class='ocrx_word' id='word_1_82' title='bbox 607 1783 777 1864; x_wconf 76' lang='lat' dir='ltr'>pulchrior</span> <span class='ocrx_word' id='word_1_83' title='bbox 800 1783 860 1845; x_wconf 88' lang='lat' dir='ltr'>illa</span> <span class='ocrx_word' id='word_1_84' title='bbox 883 1782 956 1843; x_wconf 87' lang='lat' dir='ltr'>fuit.</span> 
     </span>
     <span class='ocr_line' id='line_1_14' title="bbox 187 1895 1026 1978; baseline -0.002 -20"><span class='ocrx_word' id='word_1_85' title='bbox 187 1895 363 1978; x_wconf 73' lang='lat' dir='ltr'>Spectabat</span> <span class='ocrx_word' id='word_1_86' title='bbox 386 1901 529 1960; x_wconf 89' lang='lat' dir='ltr'>terram:</span> <span class='ocrx_word' id='word_1_87' title='bbox 554 1900 675 1959; x_wconf 87' lang='lat' dir='ltr'>terram</span> <span class='ocrx_word' id='word_1_88' title='bbox 701 1900 847 1978; x_wconf 85' lang='lat' dir='ltr'>spectare</span> <span class='ocrx_word' id='word_1_89' title='bbox 872 1895 1026 1970; x_wconf 88' lang='lat' dir='ltr'>decebat;</span> 
     </span>
    </p>

    <p class='ocr_par' dir='ltr' id='par_1_5' title="bbox 186 2010 1067 2223">
     <span class='ocr_line' id='line_1_15' title="bbox 231 2010 1067 2074; baseline 0 -2"><span class='ocrx_word' id='word_1_90' title='bbox 231 2010 347 2074; x_wconf 86' lang='lat' dir='ltr'>Maesta</span> <span class='ocrx_word' id='word_1_91' title='bbox 371 2015 442 2073; x_wconf 86' lang='lat' dir='ltr'>erat</span> <span class='ocrx_word' id='word_1_92' title='bbox 464 2011 502 2073; x_wconf 90' lang='lat' dir='ltr'>in</span> <span class='ocrx_word' id='word_1_93' title='bbox 524 2011 642 2074; x_wconf 89' lang='lat' dir='ltr'>vultu:</span> <span class='ocrx_word' id='word_1_94' title='bbox 667 2016 785 2074; x_wconf 87' lang='lat' dir='ltr'>maesta</span> <span class='ocrx_word' id='word_1_95' title='bbox 809 2010 965 2074; x_wconf 82' lang='lat' dir='ltr'>decenter</span> <span class='ocrx_word' id='word_1_96' title='bbox 989 2014 1067 2073; x_wconf 78' lang='lat' dir='ltr'>erat.</span> 
     </span>
     <span class='ocr_line' id='line_1_16' title="bbox 186 2122 1025 2223; baseline -0.001 -36"><span class='ocrx_word' id='word_1_97' title='bbox 186 2122 279 2223; x_wconf 67' lang='lat' dir='ltr'>Sicut</span> <span class='ocrx_word' id='word_1_98' title='bbox 303 2130 399 2188; x_wconf 88' lang='lat' dir='ltr'>erant</span> <span class='ocrx_word' id='word_1_99' title='bbox 422 2127 466 2202; x_wconf 90' lang='lat' dir='ltr'>(et</span> <span class='ocrx_word' id='word_1_100' title='bbox 490 2129 585 2189; x_wconf 87' lang='lat' dir='ltr'>erant</span> <span class='ocrx_word' id='word_1_101' title='bbox 610 2127 711 2201; x_wconf 89' lang='lat' dir='ltr'>culti),</span> <span class='ocrx_word' id='word_1_102' title='bbox 732 2127 860 2188; x_wconf 86' lang='lat' dir='ltr'>laniare</span> <span class='ocrx_word' id='word_1_103' title='bbox 886 2125 1025 2206; x_wconf 79' lang='lat' dir='ltr'>capillos</span> 
     </span>
    </p>
   </div>
   <div class='ocr_carea' id='block_1_4' title="bbox 126 2243 1221 4176">
    <p class='ocr_par' dir='ltr' id='par_1_6' title="bbox 231 2243 961 2330">
     <span class='ocr_line' id='line_1_17' title="bbox 231 2243 961 2330; baseline -0.001 -25"><span class='ocrx_word' id='word_1_104' title='bbox 231 2243 274 2306; x_wconf 84' lang='lat' dir='ltr'>Et</span> <span class='ocrx_word' id='word_1_105' title='bbox 297 2245 361 2306; x_wconf 81' lang='lat' dir='ltr'>fuit</span> <span class='ocrx_word' id='word_1_106' title='bbox 384 2245 420 2306; x_wconf 90' lang='lat' dir='ltr'>in</span> <span class='ocrx_word' id='word_1_107' title='bbox 443 2248 575 2306; x_wconf 89' lang='lat' dir='ltr'>teneras</span> <span class='ocrx_word' id='word_1_108' title='bbox 600 2244 745 2324; x_wconf 86' lang='lat' dir='ltr'>impetus</span> <span class='ocrx_word' id='word_1_109' title='bbox 769 2245 816 2305; x_wconf 90' lang='lat' dir='ltr'>ire</span> <span class='ocrx_word' id='word_1_110' title='bbox 842 2262 961 2330; x_wconf 81' lang='lat' dir='ltr'>genas:</span> 
     </span>
    </p>

    <p class='ocr_par' dir='ltr' id='par_1_7' title="bbox 187 2359 935 2435">
     <span class='ocr_line' id='line_1_18' title="bbox 187 2359 935 2435; baseline -0.001 -13"><span class='ocrx_word' id='word_1_111' title='bbox 187 2359 232 2423; x_wconf 88' lang='lat' dir='ltr'>Ut</span> <span class='ocrx_word' id='word_1_112' title='bbox 255 2361 375 2423; x_wconf 88' lang='lat' dir='ltr'>faciem</span> <span class='ocrx_word' id='word_1_113' title='bbox 399 2361 476 2435; x_wconf 82' lang='lat' dir='ltr'>vidi,</span> <span class='ocrx_word' id='word_1_114' title='bbox 502 2362 605 2422; x_wconf 90' lang='lat' dir='ltr'>fortes</span> <span class='ocrx_word' id='word_1_115' title='bbox 631 2360 775 2422; x_wconf 85' lang='lat' dir='ltr'>cecidere</span> <span class='ocrx_word' id='word_1_116' title='bbox 800 2360 915 2422; x_wconf 77' lang='lat' dir='ltr'>lacerti</span> <span class='ocrx_word' id='word_1_117' title='bbox 928 2383 935 2433; x_wconf 88' lang='lat'>;</span> 
     </span>
    </p>

    <p class='ocr_par' dir='ltr' id='par_1_8' title="bbox 126 2474 915 2565">
     <span class='ocr_line' id='line_1_19' title="bbox 126 2474 915 2565; baseline 0 -29"><span class='ocrx_word' id='word_1_118' title='bbox 126 2560 129 2565; x_wconf 27' lang='grc' dir='ltr'>Ι</span> <span class='ocrx_word' id='word_1_119' title='bbox 231 2474 409 2538; x_wconf 87' lang='lat' dir='ltr'>Defensast</span> <span class='ocrx_word' id='word_1_120' title='bbox 433 2476 534 2537; x_wconf 89' lang='lat' dir='ltr'>armis</span> <span class='ocrx_word' id='word_1_121' title='bbox 558 2479 676 2537; x_wconf 89' lang='lat' dir='ltr'>nostra</span> <span class='ocrx_word' id='word_1_122' title='bbox 699 2475 811 2555; x_wconf 89' lang='lat' dir='ltr'>puella</span> <span class='ocrx_word' id='word_1_123' title='bbox 836 2476 915 2536; x_wconf 89' lang='lat' dir='ltr'>suis.</span> 
     </span>
    </p>

    <p class='ocr_par' dir='ltr' id='par_1_9' title="bbox 187 2590 1117 2771">
     <span class='ocr_line' id='line_1_20' title="bbox 187 2590 1117 2672; baseline 0 -20"><span class='ocrx_word' id='word_1_124' title='bbox 187 2590 248 2668; x_wconf 81' lang='lat' dir='ltr'>Qui</span> <span class='ocrx_word' id='word_1_125' title='bbox 273 2592 373 2654; x_wconf 92' lang='lat' dir='ltr'>modo</span> <span class='ocrx_word' id='word_1_126' title='bbox 398 2612 503 2654; x_wconf 86' lang='lat' dir='ltr'>saevus</span> <span class='ocrx_word' id='word_1_127' title='bbox 528 2612 627 2661; x_wconf 78' lang='lat' dir='ltr'>eram,</span> <span class='ocrx_word' id='word_1_128' title='bbox 655 2592 794 2672; x_wconf 79' lang='lat' dir='ltr'>supplex</span> <span class='ocrx_word' id='word_1_129' title='bbox 818 2592 971 2671; x_wconf 86' lang='lat' dir='ltr'>ultroque</span> <span class='ocrx_word' id='word_1_130' title='bbox 995 2591 1117 2670; x_wconf 81' lang='lat' dir='ltr'>rogavi,</span> 
     </span>
     <span class='ocr_line' id='line_1_21' title="bbox 231 2707 853 2771; baseline 0 -1"><span class='ocrx_word' id='word_1_131' title='bbox 231 2707 352 2771; x_wconf 86' lang='lat' dir='ltr'>Oscula</span> <span class='ocrx_word' id='word_1_132' title='bbox 375 2728 416 2770; x_wconf 91' lang='lat' dir='ltr'>ne</span> <span class='ocrx_word' id='word_1_133' title='bbox 440 2709 538 2770; x_wconf 85' lang='lat' dir='ltr'>nobis</span> <span class='ocrx_word' id='word_1_134' title='bbox 563 2709 727 2771; x_wconf 79' lang='lat' dir='ltr'>deteriora</span> <span class='ocrx_word' id='word_1_135' title='bbox 751 2708 853 2770; x_wconf 89' lang='lat' dir='ltr'>daret.</span> 
     </span>
    </p>

    <p class='ocr_par' dir='ltr' id='par_1_10' title="bbox 184 2820 1101 3013">
     <span class='ocr_line' id='line_1_22' title="bbox 184 2820 1101 2904; baseline 0 -21"><span class='ocrx_word' id='word_1_136' title='bbox 184 2820 271 2884; x_wconf 90' lang='lat' dir='ltr'>Risit</span> <span class='ocrx_word' id='word_1_137' title='bbox 295 2825 327 2884; x_wconf 86' lang='lat' dir='ltr'>et</span> <span class='ocrx_word' id='word_1_138' title='bbox 352 2823 527 2885; x_wconf 84' lang='lat' dir='ltr'>exanimo</span> <span class='ocrx_word' id='word_1_139' title='bbox 553 2821 642 2884; x_wconf 87' lang='lat' dir='ltr'>dedit-</span> <span class='ocrx_word' id='word_1_140' title='bbox 667 2824 801 2903; x_wconf 85' lang='lat' dir='ltr'>optima,</span> <span class='ocrx_word' id='word_1_141' title='bbox 827 2824 940 2904; x_wconf 88' lang='lat' dir='ltr'>qualia</span> <span class='ocrx_word' id='word_1_142' title='bbox 963 2824 1101 2903; x_wconf 88' lang='lat' dir='ltr'>possent</span> 
     </span>
     <span class='ocr_line' id='line_1_23' title="bbox 228 2935 860 3013; baseline 0.002 -15"><span class='ocrx_word' id='word_1_143' title='bbox 228 2935 387 2998; x_wconf 84' lang='lat' dir='ltr'>Excutere</span> <span class='ocrx_word' id='word_1_144' title='bbox 411 2937 503 2999; x_wconf 88' lang='lat' dir='ltr'>irato&#39;</span> <span class='ocrx_word' id='word_1_145' title='bbox 520 2937 587 2999; x_wconf 88' lang='lat' dir='ltr'>tela</span> <span class='ocrx_word' id='word_1_146' title='bbox 610 2938 748 2999; x_wconf 86' lang='lat' dir='ltr'>trisulca</span> <span class='ocrx_word' id='word_1_147' title='bbox 771 2936 860 3013; x_wconf 89' lang='lat' dir='ltr'>lovi;</span> 
     </span>
    </p>

    <p class='ocr_par' dir='ltr' id='par_1_11' title="bbox 184 3049 1055 3230">
     <span class='ocr_line' id='line_1_24' title="bbox 184 3049 1055 3131; baseline 0.001 -19"><span class='ocrx_word' id='word_1_148' title='bbox 184 3049 352 3131; x_wconf 80' lang='lat' dir='ltr'>Torqueor</span> <span class='ocrx_word' id='word_1_149' title='bbox 373 3051 498 3119; x_wconf 77' lang='lat' dir='ltr'>infelix,</span> <span class='ocrx_word' id='word_1_150' title='bbox 526 3071 567 3112; x_wconf 95' lang='lat' dir='ltr'>ne</span> <span class='ocrx_word' id='word_1_151' title='bbox 591 3056 660 3112; x_wconf 88' lang='lat' dir='ltr'>tam</span> <span class='ocrx_word' id='word_1_152' title='bbox 685 3051 774 3113; x_wconf 88' lang='lat' dir='ltr'>bona</span> <span class='ocrx_word' id='word_1_153' title='bbox 797 3054 939 3115; x_wconf 85' lang='lat' dir='ltr'>senserit</span> <span class='ocrx_word' id='word_1_154' title='bbox 964 3053 1055 3126; x_wconf 86' lang='lat' dir='ltr'>alter,</span> 
     </span>
     <span class='ocr_line' id='line_1_25' title="bbox 229 3164 937 3230; baseline 0.007 -5"><span class='ocrx_word' id='word_1_155' title='bbox 229 3164 271 3226; x_wconf 88' lang='lat' dir='ltr'>Et</span> <span class='ocrx_word' id='word_1_156' title='bbox 295 3165 371 3226; x_wconf 89' lang='lat' dir='ltr'>volo</span> <span class='ocrx_word' id='word_1_157' title='bbox 395 3184 463 3226; x_wconf 92' lang='lat' dir='ltr'>non</span> <span class='ocrx_word' id='word_1_158' title='bbox 489 3185 527 3227; x_wconf 80' lang='lat' dir='ltr'>ex</span> <span class='ocrx_word' id='word_1_159' title='bbox 550 3166 613 3227; x_wconf 90' lang='lat' dir='ltr'>hac</span> <span class='ocrx_word' id='word_1_160' title='bbox 637 3164 696 3227; x_wconf 88' lang='lat' dir='ltr'>illa</span> <span class='ocrx_word' id='word_1_161' title='bbox 720 3166 822 3229; x_wconf 91' lang='lat' dir='ltr'>fuisse</span> <span class='ocrx_word' id='word_1_162' title='bbox 847 3172 937 3230; x_wconf 87' lang='lat' dir='ltr'>nota.</span> 
     </span>
    </p>

    <p class='ocr_par' dir='ltr' id='par_1_12' title="bbox 182 3279 1221 3474">
     <span class='ocr_line' id='line_1_26' title="bbox 182 3279 1221 3362; baseline 0.007 -21"><span class='ocrx_word' id='word_1_163' title='bbox 182 3279 262 3341; x_wconf 87' lang='lat' dir='ltr'>Haec</span> <span class='ocrx_word' id='word_1_164' title='bbox 287 3300 426 3362; x_wconf 85' lang='lat' dir='ltr'>quoque,</span> <span class='ocrx_word' id='word_1_165' title='bbox 453 3301 552 3361; x_wconf 90' lang='lat' dir='ltr'>quam</span> <span class='ocrx_word' id='word_1_166' title='bbox 577 3280 683 3355; x_wconf 78' lang='lat' dir='ltr'>docui,</span> <span class='ocrx_word' id='word_1_167' title='bbox 709 3283 815 3344; x_wconf 92' lang='lat' dir='ltr'>multo</span> <span class='ocrx_word' id='word_1_168' title='bbox 840 3283 979 3345; x_wconf 85' lang='lat' dir='ltr'>meliora</span> <span class='ocrx_word' id='word_1_169' title='bbox 999 3284 1142 3349; x_wconf 82' lang='lat' dir='ltr'>fuerunt.</span> <span class='ocrx_word' id='word_1_170' title='bbox 1189 3311 1221 3348; x_wconf 78' lang='lat' dir='ltr'>ss</span> 
     </span>
     <span class='ocr_line' id='line_1_27' title="bbox 226 3393 929 3474; baseline 0.007 -20"><span class='ocrx_word' id='word_1_171' title='bbox 226 3393 269 3455; x_wconf 87' lang='lat' dir='ltr'>Et</span> <span class='ocrx_word' id='word_1_172' title='bbox 293 3393 451 3474; x_wconf 87' lang='lat' dir='ltr'>quiddam</span> <span class='ocrx_word' id='word_1_173' title='bbox 474 3395 579 3456; x_wconf 89' lang='lat' dir='ltr'>visast</span> <span class='ocrx_word' id='word_1_174' title='bbox 604 3394 800 3458; x_wconf 86' lang='lat' dir='ltr'>addidicisse</span> <span class='ocrx_word' id='word_1_175' title='bbox 826 3397 929 3467; x_wconf 64' lang='lat' dir='ltr'>novi„</span> 
     </span>
    </p>

    <p class='ocr_par' dir='ltr' id='par_1_13' title="bbox 185 3508 1149 3709">
     <span class='ocr_line' id='line_1_28' title="bbox 185 3508 1149 3593; baseline 0.004 -23"><span class='ocrx_word' id='word_1_176' title='bbox 185 3508 280 3586; x_wconf 80' lang='lat' dir='ltr'>Quod</span> <span class='ocrx_word' id='word_1_177' title='bbox 296 3509 439 3571; x_wconf 92' lang='lat' dir='ltr'>nimium</span> <span class='ocrx_word' id='word_1_178' title='bbox 455 3510 621 3591; x_wconf 89' lang='lat' dir='ltr'>placuere,</span> <span class='ocrx_word' id='word_1_179' title='bbox 638 3511 806 3587; x_wconf 83' lang='lat' dir='ltr'>malumst,</span> <span class='ocrx_word' id='word_1_180' title='bbox 827 3511 914 3593; x_wconf 91' lang='lat' dir='ltr'>quod</span> <span class='ocrx_word' id='word_1_181' title='bbox 930 3509 1001 3574; x_wconf 89' lang='lat' dir='ltr'>tota</span> <span class='ocrx_word' id='word_1_182' title='bbox 1017 3511 1149 3574; x_wconf 88' lang='lat' dir='ltr'>labellis</span> 
     </span>
     <span class='ocr_line' id='line_1_29' title="bbox 227 3623 1033 3709; baseline 0.007 -23"><span class='ocrx_word' id='word_1_183' title='bbox 227 3623 360 3706; x_wconf 85' lang='lat' dir='ltr'>Lingua</span> <span class='ocrx_word' id='word_1_184' title='bbox 382 3628 472 3689; x_wconf 83' lang='lat' dir='ltr'>tuest</span> <span class='ocrx_word' id='word_1_185' title='bbox 496 3627 633 3701; x_wconf 86' lang='lat' dir='ltr'>nostris,</span> <span class='ocrx_word' id='word_1_186' title='bbox 659 3631 775 3691; x_wconf 89' lang='lat' dir='ltr'>nostra</span> <span class='ocrx_word' id='word_1_187' title='bbox 798 3633 932 3709; x_wconf 84' lang='lat' dir='ltr'>recepta</span> <span class='ocrx_word' id='word_1_188' title='bbox 955 3630 1033 3692; x_wconf 87' lang='lat' dir='ltr'>tuis.</span> 
     </span>
    </p>

    <p class='ocr_par' dir='ltr' id='par_1_14' title="bbox 181 3739 1220 3943">
     <span class='ocr_line' id='line_1_30' title="bbox 181 3739 1120 3818; baseline 0.007 -18"><span class='ocrx_word' id='word_1_189' title='bbox 181 3739 385 3808; x_wconf 78' lang='lat' dir='ltr'>Nectamsn</span> <span class='ocrx_word' id='word_1_190' title='bbox 409 3742 471 3804; x_wconf 88' lang='lat' dir='ltr'>hoc</span> <span class='ocrx_word' id='word_1_191' title='bbox 495 3763 600 3805; x_wconf 92' lang='lat' dir='ltr'>unum</span> <span class='ocrx_word' id='word_1_192' title='bbox 626 3743 731 3818; x_wconf 89' lang='lat' dir='ltr'>doleo,</span> <span class='ocrx_word' id='word_1_193' title='bbox 757 3764 827 3806; x_wconf 91' lang='lat' dir='ltr'>non</span> <span class='ocrx_word' id='word_1_194' title='bbox 852 3746 966 3807; x_wconf 91' lang='lat' dir='ltr'>oscula</span> <span class='ocrx_word' id='word_1_195' title='bbox 988 3748 1120 3807; x_wconf 90' lang='lat' dir='ltr'>tantum</span> 
     </span>
     <span class='ocr_line' id='line_1_31' title="bbox 225 3856 1220 3943; baseline 0.009 -25"><span class='ocrx_word' id='word_1_196' title='bbox 225 3856 344 3919; x_wconf 79' lang='lat' dir='ltr'>iuncta</span> <span class='ocrx_word' id='word_1_197' title='bbox 354 3878 481 3938; x_wconf 88' lang='lat' dir='ltr'>queror,</span> <span class='ocrx_word' id='word_1_198' title='bbox 496 3862 646 3939; x_wconf 84' lang='lat' dir='ltr'>quamvis</span> <span class='ocrx_word' id='word_1_199' title='bbox 657 3862 726 3923; x_wconf 87' lang='lat' dir='ltr'>haec</span> <span class='ocrx_word' id='word_1_200' title='bbox 737 3882 865 3943; x_wconf 90' lang='lat' dir='ltr'>quoque</span> <span class='ocrx_word' id='word_1_201' title='bbox 877 3863 991 3924; x_wconf 90' lang='lat' dir='ltr'>iuncta</span> <span class='ocrx_word' id='word_1_202' title='bbox 1007 3883 1142 3943; x_wconf 85' lang='lat' dir='ltr'>queror:</span> <span class='ocrx_word' id='word_1_203' title='bbox 1188 3892 1220 3930; x_wconf 80' lang='lat' dir='ltr'>cc</span> 
     </span>
    </p>

    <p class='ocr_par' dir='ltr' id='par_1_15' title="bbox 181 3971 1124 4176">
     <span class='ocr_line' id='line_1_32' title="bbox 181 3971 1001 4058; baseline 0.01 -25"><span class='ocrx_word' id='word_1_204' title='bbox 181 3971 246 4035; x_wconf 83' lang='lat' dir='ltr'>llla</span> <span class='ocrx_word' id='word_1_205' title='bbox 269 3974 337 4035; x_wconf 92' lang='lat' dir='ltr'>nisi</span> <span class='ocrx_word' id='word_1_206' title='bbox 360 3975 396 4036; x_wconf 95' lang='lat' dir='ltr'>in</span> <span class='ocrx_word' id='word_1_207' title='bbox 419 3974 506 4038; x_wconf 91' lang='lat' dir='ltr'>lecto</span> <span class='ocrx_word' id='word_1_208' title='bbox 530 3997 696 4058; x_wconf 87' lang='lat' dir='ltr'>nusquam</span> <span class='ocrx_word' id='word_1_209' title='bbox 720 3983 857 4058; x_wconf 87' lang='lat' dir='ltr'>potuere</span> <span class='ocrx_word' id='word_1_210' title='bbox 882 3979 1001 4041; x_wconf 88' lang='lat' dir='ltr'>doceri.</span> 
     </span>
     <span class='ocr_line' id='line_1_33' title="bbox 226 4090 1076 4176; baseline 0.006 -24"><span class='ocrx_word' id='word_1_211' title='bbox 226 4090 344 4154; x_wconf 90' lang='lat' dir='ltr'>Nescio</span> <span class='ocrx_word' id='word_1_212' title='bbox 370 4093 443 4173; x_wconf 89' lang='lat' dir='ltr'>quis</span> <span class='ocrx_word' id='word_1_213' title='bbox 466 4094 610 4174; x_wconf 86' lang='lat' dir='ltr'>pretium</span> <span class='ocrx_word' id='word_1_214' title='bbox 636 4094 759 4174; x_wconf 81' lang='lat' dir='ltr'>grande</span> <span class='ocrx_word' id='word_1_215' title='bbox 785 4097 944 4176; x_wconf 85' lang='lat' dir='ltr'>magister</span> <span class='ocrx_word' id='word_1_216' title='bbox 968 4096 1076 4159; x_wconf 88' lang='lat' dir='ltr'>habet.</span> 
     </span>
    </p>
   </div>
   <div class='ocr_carea' id='block_1_5' title="bbox 0 0 1452 4754">
    <p class='ocr_par' dir='ltr' id='par_1_16' title="bbox 0 0 1452 4754">
     <span class='ocr_line' id='line_1_34' title="bbox 0 0 1452 4754; baseline 0 2"><span class='ocrx_word' id='word_1_217' title='bbox 0 0 1452 4754; x_wconf 95' lang='lat' dir='ltr'> </span> 
     </span>
    </p>
   </div>
  </div>
 </body>
</html>
