2896 4754
589 351 724 396 AMOBUM
743 351 793 396 ΙΙΙ.
812 349 854 396 10.

290 529 332 592 Et
355 532 501 593 veterem
527 548 627 591 curvo
652 528 750 591 dente
775 527 907 590 revellit
930 526 1079 588 humum.

232 645 341 708 'Hanc
364 645 541 727 quisquam
565 644 714 708 lacrimis
737 643 844 707 laetari
868 641 972 706 credit
998 644 1171 704 amantum

290 761 331 823 Et
353 762 437 825 bene
461 761 640 824 tormentis
665 758 879 841 secubituque
905 757 994 820 coli?

247 877 316 940 Nec
337 880 452 940 tamen
476 879 536 952 est,
563 874 715 958 quamvis
740 893 836 954 agros
861 876 950 936 amet
972 873 1032 936 illa
1056 874 1190 948 feraces,

289 992 426 1055 Rustica
448 1011 510 1054 nec
534 991 672 1054 viduum
695 992 811 1071 pectus
836 989 959 1052 amoris
984 988 1093 1052 habet.

245 1106 359 1172 Cretes
385 1112 482 1171 erunt
505 1111 628 1182 testes3
654 1109 727 1184 (nec
750 1104 882 1185 fingunt
908 1106 1021 1168 omnia
1046 1102 1175 1179 Cretes3

291 1202 385 1286 Crete
409 1223 537 1286 nutrito
562 1224 651 1284 terra
676 1220 818 1302 superba
841 1220 938 1283 Iove:

243 1339 328 1416 Illic,
354 1338 517 1402 sideream
541 1337 660 1401 mundi
687 1336 744 1419 qui
767 1340 933 1417 temperat
958 1356 1077 1408 arcem,

293 1455 440 1536 Exiguus
463 1458 580 1518 tenero
604 1455 655 1516 lac
678 1452 763 1516 bibit
788 1474 843 1515 cre
867 1473 967 1535 pucr;

245 1567 369 1649 Magna
392 1566 475 1631 fides
499 1568 597 1632 testi:
621 1568 716 1630 tastis
741 1567 897 1629 laudatur
922 1567 1069 1637 alumno)

291 1683 471 1747 Fassuram
495 1681 649 1746 Cererem
674 1683 816 1746 crimina
839 1687 921 1746 ncta
944 1687 1035 1764 puto.

245 1797 381 1861 Viderat
403 1798 530 1861 Iasium
555 1796 681 1860 Cretaea
706 1797 781 1860 diva
806 1796 866 1860 sub
889 1797 950 1860 lde

288 1913 462 1996 Figentem
487 1918 575 1978 certa
598 1920 692 1997 terga
715 1916 823 1977 ferina
846 1934 966 1988 manu;

242 2028 342 2105 Vidit,
369 2035 401 2094 et
423 2035 461 2094 ut
484 2036 607 2094 tenerae
632 2030 804 2094 flammam
828 2050 968 2112 rapuere
993 2029 1155 2104 medulla,

287 2145 376 2208 Hinc
399 2145 514 2226 pudor,
542 2167 580 2208 ex
603 2146 663 2209 illa
687 2149 780 2227 parte
803 2145 956 2208 trahebat
982 2165 1093 2208 amor:

243 2259 358 2324 Victus
383 2281 495 2325 amore
518 2261 647 2342 pudor:
674 2262 783 2325 sulcos
808 2282 898 2323 arere
924 2261 1051 2324 videres

290 2376 332 2438 Et
355 2381 427 2440 sata
451 2397 527 2440 cum
550 2376 692 2439 minima
715 2379 809 2458 parte
834 2377 941 2440 redire
966 2377 1038 2438 sui:

247 2488 330 2554 Cum
354 2490 439 2555 bene
463 2493 581 2554 iactati
604 2491 780 2573 pulsarant
804 2505 881 2553 1111
904 2490 1043 2572 ligones,

290 2605 438 2689 Ruperat
462 2611 494 2671 et
519 2607 637 2670 duram
661 2627 776 2669 vomer
800 2605 949 2668 aduncus
973 2607 1122 2681 humum,

168 2763 172 2769 -
244 2717 445 2805 Seminaque
468 2724 505 2785 in
528 2723 615 2785 latos
639 2723 748 2785 ierant
771 2721 942 2803 aequaliter
966 2739 1069 2801 agros,

288 2836 396 2900 Inrita
419 2837 549 2920 decepti
573 2842 652 2902 vota
677 2838 818 2900 colentis
843 2840 945 2899 erant.

242 2950 329 3016 Diva
352 2957 472 3034 potens
496 2955 628 3036 frugum
654 2954 747 3017 silvis
772 2953 922 3017 cessabat
944 2953 981 3015 in
1006 2953 1099 3026 11111;

288 3067 488 3131 Deciderant
511 3069 619 3150 longae
645 3069 755 3149 spicea
779 3073 868 3131 serta
891 3087 1001 3130 comae.

244 3181 323 3246 Sola
347 3185 411 3247 fuit
434 3182 529 3248 Crete
555 3185 698 3247 fecundo
723 3186 842 3247 fertilis
868 3204 976 3247 anno:

290 3298 419 3377 Omnia,
445 3322 510 3383 qua
534 3303 658 3365 tulerat
683 3323 716 3364 se
743 3302 813 3378 dea,
839 3302 958 3365 messis
983 3306 1070 3375 erat;

241 3414 329 3495 Ipsa,
355 3416 449 3480 locus
472 3437 658 3493 nemorum,
685 3418 824 3480 canebat
847 3418 996 3499 frugibus
1020 3416 1085 3492 lde,

288 3531 331 3594 Et
354 3533 444 3596 ferus
467 3534 504 3595 in
529 3535 613 3597 silva
638 3535 725 3596 farra
749 3533 895 3596 metebat
920 3555 1014 3615 aper;

156 3697 160 3702 .
243 3643 379 3727 Optavit
402 3645 514 3711 Minos
540 3649 667 3711 similes
692 3649 755 3711 sibi
780 3649 896 3731 legifer
920 3670 1038 3725 annos,

290 3760 432 3844 Optavit,
458 3759 587 3825 Cereris
611 3765 731 3844 longus
756 3769 793 3826 ut
819 3768 906 3827 11111
930 3785 1032 3827 amor.
1137 3763 1144 3774 “

243 3875 341 3953 Quod
364 3878 425 3940 tibi
450 3879 617 3942 secubitus
640 3880 761 3954 tristes
788 3879 849 3942 dea
872 3879 966 3953 flava,
994 3880 1144 3953 tuissent,

288 3992 361 4056 Hoc
384 4014 485 4075 cogor
508 3997 611 4058 sacris
635 4016 725 4058 nune
750 4015 810 4076 ego
836 3997 920 4058 ferre
943 3996 1020 4070 tuis,

243 4104 311 4169 Cur
335 4128 395 4189 ego
420 4109 484 4171 sim
508 4111 625 4185 tristis,
651 4131 726 4174 cum
751 4111 795 4172 sit
817 4110 879 4172 tibi
902 4114 983 4172 nata
1006 4114 1136 4192 reperta
1251 4139 1278 4175 45
