2896 4754
189 350 238 402 196
611 374 652 417 xo
668 371 704 430 11,
724 369 766 430 13,
784 370 887 417 11-14.

186 545 239 607 IX.
264 545 322 605 773
355 547 439 605 774:
467 547 535 617 «isi,
556 546 766 606 Paraetonium
786 548 1013 624 Mareoticaque
1035 566 1108 606 arva
1129 546 1322 620 Pharonque

187 653 259 724 Quae
282 653 382 713 colis.»
408 689 420 693 -·
441 689 447 693 -
470 654 694 721 Paraetonium,
717 653 789 712 urbs
810 653 915 730 Libyae
946 653 1114 731 Aegyptiae.
1136 689 1168 694 --
1210 656 1322 729 penio·

186 762 292 836 linque
314 780 391 820 arua
416 762 546 837 Canopi,
570 761 717 837 oppidum
740 763 872 838 Aegypti
894 761 978 821 haud
997 765 1105 838 procul
1129 761 1169 819 ab
1184 761 1321 820 Alexan·

186 865 253 926 dria
274 867 376 933 situm,
399 869 521 926 luxuria
542 868 785 927 celeberrimum.
822 902 841 907 -
855 869 1007 944 peciolis,
1022 868 1107 938 laeta;
1124 887 1202 927 nam
1220 867 1321 928 Genio

186 974 399 1050 acceptissima
420 978 467 1034 est
488 975 647 1045 hibaritus,
672 994 764 1050 qnare
787 976 817 1046 ii,
842 979 895 1053 qui
919 977 990 1035 vitae
1020 976 1142 1051 gaudiis
1174 977 1321 1036 frueban-

185 1086 242 1150 tur,
266 1084 431 1159 indulpere
456 1083 565 1154 Genio,
587 1087 696 1143 contra
716 1085 833 1143 morosi
855 1087 886 1142 et
903 1085 989 1160 parci
1008 1083 1149 1144 Genium
1162 1087 1321 1161 [recedere

186 1189 376 1250 dicebantur.
399 1191 474 1249 Erat
495 1193 599 1249 autem
621 1189 766 1267 Canopus
788 1191 911 1250 luxuria
933 1190 1155 1266 dissolutisque
1178 1189 1321 1249 moribus

184 1294 319 1354 infamis.
343 1293 452 1355 Strabo
473 1295 573 1355 XVII.
595 1316 624 1371 p.
648 1298 715 1356 801.
740 1296 776 1355 de
793 1295 920 1373 Canopo
937 1296 1074 1356 scribens
1088 1302 1320 1357 commemorat

185 1399 320 1484 ἐσχάτην
341 1394 515 1462 ἀκολασίαν
535 1399 587 1463 καὶ
608 1396 736 1483 ἀνδρῶν
756 1401 809 1464 καὶ
830 1408 991 1482 γυναικῶν,
1013 1406 1120 1464 iuven.
1148 1406 1194 1474 15,
1218 1407 1269 1465 46.
1285 1407 1321 1465 de

189 1510 322 1570 «famoso
345 1510 487 1586 Canopo»
513 1512 658 1585 loquitur.
681 1510 798 1571 Seneca
820 1532 890 1570 curn
920 1512 1006 1572 Baiis
1036 1513 1205 1587 Canopum
1238 1533 1319 1572 corn-

184 1621 272 1692 parat
292 1616 390 1692 Epist.
414 1618 461 1687 51,
489 1619 525 1678 3:
552 1618 719 1695 despicus)
752 1619 944 1678 de.secessu
974 1621 1112 1694 cogitans
1144 1639 1320 1696 numquam

185 1723 346 1801 Canopum
367 1727 472 1799 eleget,
497 1728 637 1800 quamvis
658 1728 819 1786 neminem
841 1727 985 1802 Canopus
1011 1746 1077 1786 esse
1107 1727 1192 1800 frugi
1225 1729 1318 1794 vetat,

184 1851 223 1889 ne
245 1832 339 1890 Baias
362 1831 511 1905 quidem.»
536 1868 561 1872 -
598 1832 770 1909 Memphin,
802 1836 894 1908 caput
922 1832 1054 1910 Aegypti
1083 1833 1320 1891 Inferioris.

188 1939 321 2009 Pharon,
343 1937 445 1995 insula
466 1957 561 2013 parva
583 1939 621 1996 ad
641 1939 864 1998 Alexandriam
885 1941 953 1998 sita.
985 1939 1045 1998 Isis
1075 1957 1157 2014 saepe
1188 1942 1322 1999 vocatur

153 2052 164 2079 Χ
183 2043 305 2109 Pharia,
328 2047 362 2102 ut
384 2044 439 2102 Ov.
462 2045 497 2103 A.
520 2044 555 2103 A.
578 2045 636 2104 Ill.
659 2046 736 2113 635..
760 2046 843 2104 Fast.
866 2047 902 2105 V.
925 2045 1003 2116 6193
1025 2047 1101 2104 Min.
1125 2045 1192 2105 Fel.
1218 2046 1267 2114 21,
1291 2044 1318 2103 2.

184 2152 286 2209 Etiam
308 2151 447 2210 Tibullus
468 2153 491 2210 I.
515 2153 541 2221 3,
565 2153 612 2212 32.
641 2153 779 2212 «turbam
800 2154 962 2213 Phariam»
988 2155 1077 2212 vocat
1097 2151 1195 2211 Isidis
1220 2171 1320 2210 sacer·

185 2258 271 2315 dotes
295 2259 324 2316 et
346 2259 486 2317 cultores.
510 2295 515 2299 -
535 2295 548 2299 --
571 2262 651 2318 celer
673 2260 774 2321 Nilus.
798 2260 879 2318 celer
900 2261 934 2317 in
957 2278 1047 2318 cursu
1069 2259 1243 2334 superiore,
1267 2256 1321 2316 ubi

183 2367 342 2424 cataractae
374 2369 453 2424 sunt.
486 2366 530 2426 Cf.
562 2366 642 2424 Plin.
665 2366 699 2425 V.
729 2368 776 2426 54.
808 2403 817 2407 -
878 2369 973 2439 alveo,
1005 2364 1071 2424 dua
1102 2364 1233 2440 syllabae
1264 2383 1322 2439 per

184 2473 347 2547 synizesin‚
371 2475 406 2530 ut
426 2473 516 2546 Verg.
539 2473 615 2531 Aen.
636 2473 689 2532 VI.
716 2474 780 2532 190.
802 2509 842 2515 —-
863 2473 924 2532 Per
944 2479 1062 2549 sepiem
1080 2476 1203 2547 portus,
1228 2473 1319 2537 ostia,

183 2582 218 2638 ut
239 2578 293 2638 Ov.
325 2580 398 2637 Her.
425 2580 468 2647 14,
504 2581 578 2639 107:
606 2580 680 2638 «Per
711 2582 830 2655 septem
861 2581 948 2638 Nilus
978 2581 1086 2656 portus
1117 2578 1255 2636 emissus
1285 2577 1321 2633 in

183 2703 311 2759 aequora

235 2793 270 2851 V.
297 2793 352 2851 11--
378 2794 421 2853 ld.
446 2801 502 2854 tica
522 2797 624 2867 sistra,
647 2795 681 2851 in
703 2795 799 2852 sacris
820 2793 912 2850 Isidis
934 2794 1057 2860 usitata,
1082 2810 1148 2866 quae
1171 2791 1319 2850 sacerdo·

181 2903 228 2958 tes
251 2902 280 2957 et
302 2901 434 2959 cultores
456 2900 520 2958 deae
543 2901 581 2959 ad
601 2904 700 2959 certos
716 2900 823 2960 modos
839 2919 983 2976 quassare
999 2899 1148 2958 solebant.
1165 2897 1319 2958 Sonitum

182 3005 316 3064 edebant
336 3007 429 3080 virgae
452 3025 537 3064 eereae
560 3006 707 3076 mobiles3
730 3006 799 3066 vide
821 3006 952 3081 figuram
974 3004 1056 3082 apud
1077 3006 1161 3065 Rich
1169 3024 1181 3063 .·
1197 3005 1317 3063 Illustr.

181 3111 332 3173 Wdrterb.
356 3132 428 3171 av.
458 3113 604 3170 Formam
636 3115 720 3172 sistri
750 3113 872 3188 copiose
904 3112 1050 3172 describit
1079 3111 1236 3170 Plutarch.
1270 3111 1319 3170 De

181 3220 265 3278 Iside
287 3220 334 3278 63.
359 3219 447 3295 (Mor.
471 3221 538 3279 376.
563 3220 601 3295 c.)
623 3255 662 3260 —-
684 3221 842 3280 Anubidis
864 3238 928 3290 oro,
951 3216 1078 3287 Anubis,
1107 3217 1183 3276 deus
1215 3216 1315 3293 Aegy·

181 3327 272 3403 ptius,
297 3346 399 3386 comes
420 3325 512 3383 Isidis
535 3329 566 3383 et
588 3325 726 3395 Osiridis,
753 3328 846 3401 caput
876 3327 1024 3384 caninum
1054 3322 1199 3392 habebat,
1231 3321 1317 3381 unde

181 3435 271 3509 Verg.
293 3435 369 3492 Aen.
393 3435 479 3493 VIII.
509 3434 585 3493 698:
623 3435 768 3492 «latrator
797 3433 943 3491 Anubis.»
977 3468 1017 3474 —
1047 3431 1100 3491 Sic
1132 3437 1191 3488 tica
1222 3449 1316 3488 socru

181 3544 253 3616 pios
274 3560 397 3618 sonipes·
422 3541 519 3599 Osiris
540 3550 633 3605 umet,
656 3540 737 3598 adsit
758 3542 869 3609 sacris;
892 3558 966 3597 nam
988 3537 1075 3597 festis
1096 3535 1194 3595 Isidis
1217 3534 1314 3593 etiam

182 3646 287 3715 Osiris,
311 3648 447 3704 coniunx
468 3645 567 3714 Isidis,
600 3646 818 3705 celebrabatur.
840 3681 880 3686 --
902 3645 1029 3705 labatur
1060 3645 1145 3702 eirca
1174 3643 1315 3703 deiratio

180 3775 315 3832 serpeus,
336 3756 454 3814 bonurn
477 3772 569 3812 omen
591 3757 664 3822 erat,
692 3773 762 3812 cum
793 3772 920 3829 serpens
951 3770 1037 3810 sacer
1067 3749 1161 3826 dapes
1192 3751 1228 3808 in
1261 3767 1317 3806 ara

181 3863 333 3935 gustavit;
355 3865 447 3936 poeta
469 3864 540 3919 ante
563 3861 666 3919 oculos
688 3858 797 3919 habuit
818 3859 908 3932 Verg.
931 3857 1008 3916 Aen.
1030 3857 1067 3917 V.
1099 3856 1228 3916 83-86.
1264 3854 1315 3930 (de

181 3972 321 4044 sepulcro
342 3966 521 4043 Anchisae):
548 3966 666 4043 «adytis
682 3985 752 4024 curn
767 3965 903 4024 lubricus
919 3966 1028 4038 anguis
1044 3962 1082 4022 ab
1096 3962 1168 4020 imis
1186 3961 1316 4038 Septem

180 4078 290 4150 ingens
312 4093 410 4150 gyros,
436 4077 564 4150 septena
585 4074 745 4133 volumina
765 4075 860 4132 traxit
881 4072 1051 4148 Amplexus
1072 4068 1194 4145 placide
1208 4072 1315 4129 tumu-

179 4186 244 4242 lum
265 4183 429 4257 lapsusque
451 4202 507 4257 per
529 4200 612 4239 arasa
639 4183 669 4239 et
691 4180 763 4240 ibid.
788 4181 924 4240 91-›932
952 4178 1106 4239 «Tandem
1128 4177 1212 4238 inter
1225 4182 1315 4254 pate·
