<?xml version="1.0" encoding="UTF-8"?>
<!DOCTYPE html PUBLIC "-//W3C//DTD XHTML 1.0 Transitional//EN"
    "http://www.w3.org/TR/xhtml1/DTD/xhtml1-transitional.dtd">
<html xmlns="http://www.w3.org/1999/xhtml" xml:lang="en" lang="en">
 <head>
  <title>
</title>
<meta http-equiv="Content-Type" content="text/html;charset=utf-8" />
  <meta name='ocr-system' content='tesseract 3.04.00' />
  <meta name='ocr-capabilities' content='ocr_page ocr_carea ocr_par ocr_line ocrx_word'/>
</head>
<body>
  <div class='ocr_page' id='page_1' title='image "./povidiinasonisa01ovidgoog_0078.png"; bbox 0 0 2896 4754; ppageno 0'>
   <div class='ocr_carea' id='block_1_1' title="bbox 585 347 929 395">
    <p class='ocr_par' dir='ltr' id='par_1_1' title="bbox 585 347 929 395">
     <span class='ocr_line' id='line_1_1' title="bbox 585 347 929 395; baseline -0.009 0"><span class='ocrx_word' id='word_1_1' title='bbox 585 350 720 395; x_wconf 76' lang='lat' dir='ltr'>AMORUM</span> <span class='ocrx_word' id='word_1_2' title='bbox 739 351 787 392; x_wconf 89' lang='lat'>111.</span> <span class='ocrx_word' id='word_1_3' title='bbox 809 347 836 394; x_wconf 77' lang='grc'>4.</span> <span class='ocrx_word' id='word_1_4' title='bbox 927 383 929 386; x_wconf 52' lang='grc'>,</span> 
     </span>
    </p>
   </div>
   <div class='ocr_carea' id='block_1_2' title="bbox 239 524 1278 2344">
    <p class='ocr_par' dir='ltr' id='par_1_2' title="bbox 292 524 1118 609">
     <span class='ocr_line' id='line_1_2' title="bbox 292 524 1118 609; baseline -0.006 -18"><span class='ocrx_word' id='word_1_5' title='bbox 292 528 381 606; x_wconf 82' lang='lat' dir='ltr'>Quae,</span> <span class='ocrx_word' id='word_1_6' title='bbox 408 528 578 609; x_wconf 90' lang='lat' dir='ltr'>quianon</span> <span class='ocrx_word' id='word_1_7' title='bbox 601 527 709 602; x_wconf 83' lang='lat' dir='ltr'>liceat,</span> <span class='ocrx_word' id='word_1_8' title='bbox 735 546 806 590; x_wconf 94' lang='lat' dir='ltr'>non</span> <span class='ocrx_word' id='word_1_9' title='bbox 831 527 919 593; x_wconf 80' lang='lat' dir='ltr'>facit.</span> <span class='ocrx_word' id='word_1_10' title='bbox 945 526 1006 589; x_wconf 91' lang='lat' dir='ltr'>illa</span> <span class='ocrx_word' id='word_1_11' title='bbox 1029 524 1118 588; x_wconf 86' lang='lat' dir='ltr'>facit.</span> 
     </span>
    </p>

    <p class='ocr_par' dir='ltr' id='par_1_3' title="bbox 244 641 1278 839">
     <span class='ocr_line' id='line_1_3' title="bbox 244 641 1278 737; baseline -0.001 -30"><span class='ocrx_word' id='word_1_12' title='bbox 244 643 290 708; x_wconf 82' lang='lat' dir='ltr'>Ut</span> <span class='ocrx_word' id='word_1_13' title='bbox 312 643 380 737; x_wconf 90' lang='lat' dir='ltr'>iarn</span> <span class='ocrx_word' id='word_1_14' title='bbox 404 643 547 706; x_wconf 86' lang='lat' dir='ltr'>servaris</span> <span class='ocrx_word' id='word_1_15' title='bbox 570 641 655 706; x_wconf 89' lang='lat' dir='ltr'>bene</span> <span class='ocrx_word' id='word_1_16' title='bbox 679 662 809 723; x_wconf 85' lang='lat' dir='ltr'>eorpus,</span> <span class='ocrx_word' id='word_1_17' title='bbox 836 641 986 705; x_wconf 89' lang='lat' dir='ltr'>adultera</span> <span class='ocrx_word' id='word_1_18' title='bbox 1008 661 1105 704; x_wconf 90' lang='lat' dir='ltr'>mens</span> <span class='ocrx_word' id='word_1_19' title='bbox 1129 645 1188 714; x_wconf 77' lang='lat' dir='ltr'>est</span> <span class='ocrx_word' id='word_1_20' title='bbox 1265 669 1278 706; x_wconf 78' lang='lat' dir='ltr'>s</span> 
     </span>
     <span class='ocr_line' id='line_1_4' title="bbox 289 757 975 839; baseline -0.004 -15"><span class='ocrx_word' id='word_1_21' title='bbox 289 760 357 824; x_wconf 86' lang='lat' dir='ltr'>Nee</span> <span class='ocrx_word' id='word_1_22' title='bbox 380 757 548 833; x_wconf 82' lang='lat' dir='ltr'>custodiri,</span> <span class='ocrx_word' id='word_1_23' title='bbox 574 778 616 821; x_wconf 93' lang='lat' dir='ltr'>ne</span> <span class='ocrx_word' id='word_1_24' title='bbox 640 758 729 827; x_wconf 83' lang='lat' dir='ltr'>velit.</span> <span class='ocrx_word' id='word_1_25' title='bbox 755 759 825 821; x_wconf 90' lang='lat' dir='ltr'>ulla</span> <span class='ocrx_word' id='word_1_26' title='bbox 847 761 975 839; x_wconf 89' lang='lat' dir='ltr'>potest;</span> 
     </span>
    </p>

    <p class='ocr_par' dir='ltr' id='par_1_4' title="bbox 243 873 1156 1054">
     <span class='ocr_line' id='line_1_5' title="bbox 243 873 1156 957; baseline -0.007 -17"><span class='ocrx_word' id='word_1_27' title='bbox 243 877 311 940; x_wconf 89' lang='lat' dir='ltr'>Neo</span> <span class='ocrx_word' id='word_1_28' title='bbox 335 895 455 957; x_wconf 89' lang='lat' dir='ltr'>eorpus</span> <span class='ocrx_word' id='word_1_29' title='bbox 480 895 609 939; x_wconf 89' lang='lat' dir='ltr'>servare</span> <span class='ocrx_word' id='word_1_30' title='bbox 633 879 739 956; x_wconf 81' lang='lat' dir='ltr'>potes,</span> <span class='ocrx_word' id='word_1_31' title='bbox 764 875 842 937; x_wconf 86' lang='lat' dir='ltr'>licet</span> <span class='ocrx_word' id='word_1_32' title='bbox 867 874 981 937; x_wconf 91' lang='lat' dir='ltr'>omnia</span> <span class='ocrx_word' id='word_1_33' title='bbox 1003 873 1156 936; x_wconf 82' lang='lat' dir='ltr'>claudas:</span> 
     </span>
     <span class='ocr_line' id='line_1_6' title="bbox 289 988 985 1054; baseline -0.003 -1"><span class='ocrx_word' id='word_1_34' title='bbox 289 989 452 1054; x_wconf 84' lang='lat' dir='ltr'><strong>Omnibus</strong></span> <span class='ocrx_word' id='word_1_35' title='bbox 477 990 618 1053; x_wconf 79' lang='lat' dir='ltr'><strong>exclusis</strong></span> <span class='ocrx_word' id='word_1_36' title='bbox 642 991 735 1053; x_wconf 89' lang='lat' dir='ltr'>intus</span> <span class='ocrx_word' id='word_1_37' title='bbox 758 988 890 1052; x_wconf 91' lang='lat' dir='ltr'>adulter</span> <span class='ocrx_word' id='word_1_38' title='bbox 914 990 985 1052; x_wconf 90' lang='lat' dir='ltr'>erit.</span> 
     </span>
    </p>

    <p class='ocr_par' dir='ltr' id='par_1_5' title="bbox 244 1105 1144 1302">
     <span class='ocr_line' id='line_1_7' title="bbox 244 1105 1144 1187; baseline -0.004 -17"><span class='ocrx_word' id='word_1_39' title='bbox 244 1105 305 1170; x_wconf 83' lang='lat' dir='ltr'>Oui</span> <span class='ocrx_word' id='word_1_40' title='bbox 329 1125 466 1187; x_wconf 86' lang='lat' dir='ltr'>peecare</span> <span class='ocrx_word' id='word_1_41' title='bbox 489 1105 577 1179; x_wconf 87' lang='lat' dir='ltr'>lieet,</span> <span class='ocrx_word' id='word_1_42' title='bbox 602 1109 718 1186; x_wconf 88' lang='lat' dir='ltr'>peooat</span> <span class='ocrx_word' id='word_1_43' title='bbox 741 1105 874 1169; x_wconf 86' lang='lat' dir='ltr'>minus:</span> <span class='ocrx_word' id='word_1_44' title='bbox 898 1106 972 1186; x_wconf 88' lang='lat' dir='ltr'>ipsa</span> <span class='ocrx_word' id='word_1_45' title='bbox 995 1107 1144 1186; x_wconf 90' lang='lat' dir='ltr'>potestas</span> 
     </span>
     <span class='ocr_line' id='line_1_8' title="bbox 290 1220 956 1302; baseline -0.003 -17"><span class='ocrx_word' id='word_1_46' title='bbox 290 1220 426 1285; x_wconf 78' lang='lat' dir='ltr'>Semina</span> <span class='ocrx_word' id='word_1_47' title='bbox 448 1221 608 1302; x_wconf 86' lang='lat' dir='ltr'>nequitiae</span> <span class='ocrx_word' id='word_1_48' title='bbox 631 1220 846 1302; x_wconf 76' lang='lat' dir='ltr'>languidiora</span> <span class='ocrx_word' id='word_1_49' title='bbox 869 1221 956 1284; x_wconf 86' lang='lat' dir='ltr'>feeit.</span> 
     </span>
    </p>

    <p class='ocr_par' dir='ltr' id='par_1_6' title="bbox 242 1334 1072 1536">
     <span class='ocr_line' id='line_1_9' title="bbox 242 1334 1072 1414; baseline -0.006 -12"><span class='ocrx_word' id='word_1_50' title='bbox 242 1339 377 1414; x_wconf 78' lang='lat' dir='ltr'>Desine,</span> <span class='ocrx_word' id='word_1_51' title='bbox 403 1337 498 1402; x_wconf 89' lang='lat' dir='ltr'>erede</span> <span class='ocrx_word' id='word_1_52' title='bbox 522 1338 616 1410; x_wconf 82' lang='lat' dir='ltr'>mihi,</span> <span class='ocrx_word' id='word_1_53' title='bbox 641 1338 724 1400; x_wconf 88' lang='lat' dir='ltr'>vitia</span> <span class='ocrx_word' id='word_1_54' title='bbox 747 1338 886 1400; x_wconf 78' lang='lat' dir='ltr'>inritare</span> <span class='ocrx_word' id='word_1_55' title='bbox 909 1334 1072 1399; x_wconf 87' lang='lat' dir='ltr'>vetando:</span> 
     </span>
     <span class='ocr_line' id='line_1_10' title="bbox 288 1453 901 1536; baseline -0.002 -18"><span class='ocrx_word' id='word_1_56' title='bbox 288 1453 455 1536; x_wconf 85' lang='lat' dir='ltr'>Obsequio</span> <span class='ocrx_word' id='word_1_57' title='bbox 479 1455 591 1516; x_wconf 80' lang='lat' dir='ltr'>vinces</span> <span class='ocrx_word' id='word_1_58' title='bbox 616 1454 726 1535; x_wconf 90' lang='lat' dir='ltr'>aptius</span> <span class='ocrx_word' id='word_1_59' title='bbox 750 1454 810 1517; x_wconf 91' lang='lat' dir='ltr'>illa</span> <span class='ocrx_word' id='word_1_60' title='bbox 833 1457 901 1518; x_wconf 84' lang='lat' dir='ltr'>tuo.</span> 
     </span>
    </p>

    <p class='ocr_par' dir='ltr' id='par_1_7' title="bbox 242 1566 1215 1758">
     <span class='ocr_line' id='line_1_11' title="bbox 242 1566 1215 1650; baseline -0.005 -18"><span class='ocrx_word' id='word_1_61' title='bbox 242 1569 318 1632; x_wconf 91' lang='lat' dir='ltr'>Vidi</span> <span class='ocrx_word' id='word_1_62' title='bbox 343 1588 402 1650; x_wconf 91' lang='lat' dir='ltr'>ego</span> <span class='ocrx_word' id='word_1_63' title='bbox 426 1589 535 1650; x_wconf 84' lang='lat' dir='ltr'>nuper</span> <span class='ocrx_word' id='word_1_64' title='bbox 559 1588 682 1650; x_wconf 91' lang='lat' dir='ltr'>equum</span> <span class='ocrx_word' id='word_1_65' title='bbox 706 1573 822 1632; x_wconf 90' lang='lat' dir='ltr'>eontra</span> <span class='ocrx_word' id='word_1_66' title='bbox 846 1588 905 1631; x_wconf 87' lang='lat' dir='ltr'>sua</span> <span class='ocrx_word' id='word_1_67' title='bbox 928 1566 1040 1630; x_wconf 87' lang='lat' dir='ltr'>vinela</span> <span class='ocrx_word' id='word_1_68' title='bbox 1062 1570 1215 1628; x_wconf 87' lang='lat' dir='ltr'>tenaeem</span> 
     </span>
     <span class='ocr_line' id='line_1_12' title="bbox 287 1682 943 1758; baseline -0.006 -9"><span class='ocrx_word' id='word_1_69' title='bbox 287 1685 351 1749; x_wconf 90' lang='lat' dir='ltr'>Ore</span> <span class='ocrx_word' id='word_1_70' title='bbox 375 1685 554 1748; x_wconf 73' lang='lat' dir='ltr'>reluctanti</span> <span class='ocrx_word' id='word_1_71' title='bbox 577 1685 729 1748; x_wconf 81' lang='lat' dir='ltr'>fulminis</span> <span class='ocrx_word' id='word_1_72' title='bbox 753 1685 801 1747; x_wconf 90' lang='lat' dir='ltr'>ire</span> <span class='ocrx_word' id='word_1_73' title='bbox 825 1682 943 1758; x_wconf 88' lang='lat' dir='ltr'>modo;</span> 
     </span>
    </p>

    <p class='ocr_par' dir='ltr' id='par_1_8' title="bbox 243 1799 1275 1999">
     <span class='ocr_line' id='line_1_13' title="bbox 243 1799 1275 1881; baseline -0.007 -14"><span class='ocrx_word' id='word_1_74' title='bbox 243 1802 411 1879; x_wconf 83' lang='lat' dir='ltr'>Constitit,</span> <span class='ocrx_word' id='word_1_75' title='bbox 436 1804 473 1863; x_wconf 93' lang='lat' dir='ltr'>ut</span> <span class='ocrx_word' id='word_1_76' title='bbox 497 1802 841 1881; x_wconf 38' lang='lat' dir='ltr'>primumseoneessas</span> <span class='ocrx_word' id='word_1_77' title='bbox 866 1802 972 1864; x_wconf 89' lang='lat' dir='ltr'>sensit</span> <span class='ocrx_word' id='word_1_78' title='bbox 995 1799 1143 1862; x_wconf 88' lang='lat' dir='ltr'>habenas</span> <span class='ocrx_word' id='word_1_79' title='bbox 1247 1825 1275 1861; x_wconf 75' lang='lat'>15</span> 
     </span>
     <span class='ocr_line' id='line_1_14' title="bbox 286 1917 987 1999; baseline -0.001 -18"><span class='ocrx_word' id='word_1_80' title='bbox 286 1917 460 1999; x_wconf 83' lang='lat' dir='ltr'>Frenaque</span> <span class='ocrx_word' id='word_1_81' title='bbox 484 1918 520 1980; x_wconf 94' lang='lat' dir='ltr'>in</span> <span class='ocrx_word' id='word_1_82' title='bbox 545 1917 649 1981; x_wconf 86' lang='lat' dir='ltr'>effusa</span> <span class='ocrx_word' id='word_1_83' title='bbox 672 1918 747 1981; x_wconf 83' lang='lat' dir='ltr'>laxa</span> <span class='ocrx_word' id='word_1_84' title='bbox 769 1918 876 1981; x_wconf 85' lang='lat' dir='ltr'>iacere</span> <span class='ocrx_word' id='word_1_85' title='bbox 900 1918 987 1980; x_wconf 89' lang='lat' dir='ltr'>iuba.</span> 
     </span>
    </p>

    <p class='ocr_par' dir='ltr' id='par_1_9' title="bbox 240 2032 1170 2232">
     <span class='ocr_line' id='line_1_15' title="bbox 240 2032 1170 2115; baseline -0.005 -18"><span class='ocrx_word' id='word_1_86' title='bbox 240 2034 387 2098; x_wconf 89' lang='lat' dir='ltr'>Nitimur</span> <span class='ocrx_word' id='word_1_87' title='bbox 410 2034 446 2097; x_wconf 95' lang='lat' dir='ltr'>in</span> <span class='ocrx_word' id='word_1_88' title='bbox 469 2034 611 2097; x_wconf 88' lang='lat' dir='ltr'>vetitum</span> <span class='ocrx_word' id='word_1_89' title='bbox 635 2054 766 2115; x_wconf 89' lang='lat' dir='ltr'>semper</span> <span class='ocrx_word' id='word_1_90' title='bbox 790 2034 1006 2115; x_wconf 86' lang='lat' dir='ltr'>cupimusque</span> <span class='ocrx_word' id='word_1_91' title='bbox 1031 2032 1170 2113; x_wconf 89' lang='lat' dir='ltr'>negata:</span> 
     </span>
     <span class='ocr_line' id='line_1_16' title="bbox 285 2148 955 2232; baseline 0.001 -20"><span class='ocrx_word' id='word_1_92' title='bbox 285 2148 338 2212; x_wconf 74' lang='lat' dir='ltr'>Sic</span> <span class='ocrx_word' id='word_1_93' title='bbox 362 2149 548 2213; x_wconf 78' lang='lat' dir='ltr'>interdictis</span> <span class='ocrx_word' id='word_1_94' title='bbox 572 2151 717 2213; x_wconf 90' lang='lat' dir='ltr'>inminet</span> <span class='ocrx_word' id='word_1_95' title='bbox 740 2171 826 2232; x_wconf 83' lang='lat' dir='ltr'>aeger</span> <span class='ocrx_word' id='word_1_96' title='bbox 850 2151 955 2232; x_wconf 86' lang='lat' dir='ltr'>aquis.</span> 
     </span>
    </p>

    <p class='ocr_par' dir='ltr' id='par_1_10' title="bbox 239 2261 1136 2344">
     <span class='ocr_line' id='line_1_17' title="bbox 239 2261 1136 2344; baseline -0.002 -18"><span class='ocrx_word' id='word_1_97' title='bbox 239 2261 383 2327; x_wconf 82' lang='lat' dir='ltr'>Centum</span> <span class='ocrx_word' id='word_1_98' title='bbox 407 2265 516 2328; x_wconf 86' lang='lat' dir='ltr'>fronte</span> <span class='ocrx_word' id='word_1_99' title='bbox 542 2265 664 2340; x_wconf 86' lang='lat' dir='ltr'>oeulos,</span> <span class='ocrx_word' id='word_1_100' title='bbox 692 2267 826 2328; x_wconf 84' lang='lat' dir='ltr'>eentum</span> <span class='ocrx_word' id='word_1_101' title='bbox 851 2265 976 2327; x_wconf 82' lang='lat' dir='ltr'>cervice</span> <span class='ocrx_word' id='word_1_102' title='bbox 1002 2262 1136 2344; x_wconf 83' lang='lat' dir='ltr'>gerebat</span> 
     </span>
    </p>
   </div>
   <div class='ocr_carea' id='block_1_3' title="bbox 237 2381 1273 2578">
    <p class='ocr_par' dir='ltr' id='par_1_11' title="bbox 237 2381 1273 2578">
     <span class='ocr_line' id='line_1_18' title="bbox 283 2381 1273 2462; baseline -0.002 -20"><span class='ocrx_word' id='word_1_103' title='bbox 283 2381 411 2460; x_wconf 89' lang='lat' dir='ltr'>Argus:</span> <span class='ocrx_word' id='word_1_104' title='bbox 437 2383 470 2443; x_wconf 89' lang='lat' dir='ltr'>et</span> <span class='ocrx_word' id='word_1_105' title='bbox 494 2381 556 2443; x_wconf 90' lang='lat' dir='ltr'>hos</span> <span class='ocrx_word' id='word_1_106' title='bbox 579 2401 668 2443; x_wconf 88' lang='lat' dir='ltr'>unus</span> <span class='ocrx_word' id='word_1_107' title='bbox 693 2401 778 2462; x_wconf 83' lang='lat' dir='ltr'>saepe</span> <span class='ocrx_word' id='word_1_108' title='bbox 803 2381 922 2443; x_wconf 88' lang='lat' dir='ltr'>fefellit</span> <span class='ocrx_word' id='word_1_109' title='bbox 945 2381 1065 2454; x_wconf 85' lang='lat' dir='ltr'>Amor;</span> <span class='ocrx_word' id='word_1_110' title='bbox 1245 2404 1273 2441; x_wconf 74' lang='lat'>²20</span> 
     </span>
     <span class='ocr_line' id='line_1_19' title="bbox 237 2495 1113 2578; baseline -0.001 -20"><span class='ocrx_word' id='word_1_111' title='bbox 237 2495 278 2558; x_wconf 96' lang='lat' dir='ltr'>In</span> <span class='ocrx_word' id='word_1_112' title='bbox 302 2496 490 2559; x_wconf 87' lang='lat' dir='ltr'>thalamum</span> <span class='ocrx_word' id='word_1_113' title='bbox 512 2497 628 2560; x_wconf 86' lang='lat' dir='ltr'>Danae</span> <span class='ocrx_word' id='word_1_114' title='bbox 653 2499 739 2560; x_wconf 88' lang='lat' dir='ltr'>ferro</span> <span class='ocrx_word' id='word_1_115' title='bbox 765 2516 908 2578; x_wconf 85' lang='lat' dir='ltr'>saxoque</span> <span class='ocrx_word' id='word_1_116' title='bbox 931 2515 1113 2578; x_wconf 89' lang='lat' dir='ltr'>perennem</span> 
     </span>
    </p>
   </div>
   <div class='ocr_carea' id='block_1_4' title="bbox 236 2610 1077 2809">
    <p class='ocr_par' dir='ltr' id='par_1_12' title="bbox 236 2610 1077 2809">
     <span class='ocr_line' id='line_1_20' title="bbox 284 2610 1013 2693; baseline 0 -19"><span class='ocrx_word' id='word_1_117' title='bbox 284 2610 363 2688; x_wconf 77' lang='lat' dir='ltr'>Quae</span> <span class='ocrx_word' id='word_1_118' title='bbox 389 2612 497 2674; x_wconf 83' lang='lat' dir='ltr'>iuerat</span> <span class='ocrx_word' id='word_1_119' title='bbox 519 2613 612 2693; x_wconf 89' lang='lat' dir='ltr'>virgo</span> <span class='ocrx_word' id='word_1_120' title='bbox 636 2613 767 2688; x_wconf 86' lang='lat' dir='ltr'>tradita,</span> <span class='ocrx_word' id='word_1_121' title='bbox 794 2618 901 2676; x_wconf 88' lang='lat' dir='ltr'>mater</span> <span class='ocrx_word' id='word_1_122' title='bbox 925 2615 1013 2674; x_wconf 91' lang='lat' dir='ltr'>erat:</span> 
     </span>
     <span class='ocr_line' id='line_1_21' title="bbox 236 2725 1077 2809; baseline 0 -21"><span class='ocrx_word' id='word_1_123' title='bbox 236 2726 404 2807; x_wconf 90' lang='lat' dir='ltr'>Penelope</span> <span class='ocrx_word' id='word_1_124' title='bbox 429 2727 563 2801; x_wconf 86' lang='lat' dir='ltr'>mansit,</span> <span class='ocrx_word' id='word_1_125' title='bbox 589 2729 741 2809; x_wconf 86' lang='lat' dir='ltr'>quamvis</span> <span class='ocrx_word' id='word_1_126' title='bbox 766 2726 902 2791; x_wconf 78' lang='lat' dir='ltr'>custode</span> <span class='ocrx_word' id='word_1_127' title='bbox 927 2725 1077 2800; x_wconf 85' lang='lat' dir='ltr'>carebat.</span> 
     </span>
    </p>
   </div>
   <div class='ocr_carea' id='block_1_5' title="bbox 233 2841 1272 4203">
    <p class='ocr_par' dir='ltr' id='par_1_13' title="bbox 233 2841 1272 4203">
     <span class='ocr_line' id='line_1_22' title="bbox 280 2841 979 2924; baseline 0.004 -21"><span class='ocrx_word' id='word_1_128' title='bbox 280 2841 373 2905; x_wconf 84' lang='lat' dir='ltr'>inter</span> <span class='ocrx_word' id='word_1_129' title='bbox 395 2846 446 2905; x_wconf 89' lang='lat' dir='ltr'>tot</span> <span class='ocrx_word' id='word_1_130' title='bbox 468 2844 606 2906; x_wconf 90' lang='lat' dir='ltr'>iuvenes</span> <span class='ocrx_word' id='word_1_131' title='bbox 630 2844 830 2906; x_wconf 88' lang='lat' dir='ltr'>intemerata</span> <span class='ocrx_word' id='word_1_132' title='bbox 848 2863 979 2924; x_wconf 79' lang='lat' dir='ltr'>procos.</span> 
     </span>
     <span class='ocr_line' id='line_1_23' title="bbox 239 2956 1271 3041; baseline 0.004 -22"><span class='ocrx_word' id='word_1_133' title='bbox 239 2956 406 3039; x_wconf 88' lang='lat' dir='ltr'>Quidquid</span> <span class='ocrx_word' id='word_1_134' title='bbox 431 2963 590 3036; x_wconf 87' lang='lat' dir='ltr'>servatur,</span> <span class='ocrx_word' id='word_1_135' title='bbox 615 2961 769 3041; x_wconf 81' lang='lat' dir='ltr'>cupimus</span> <span class='ocrx_word' id='word_1_136' title='bbox 793 2961 909 3041; x_wconf 87' lang='lat' dir='ltr'>magis,</span> <span class='ocrx_word' id='word_1_137' title='bbox 927 2960 1065 3041; x_wconf 91' lang='lat' dir='ltr'>ipsaque</span> <span class='ocrx_word' id='word_1_138' title='bbox 1091 2960 1197 3020; x_wconf 84' lang='lat' dir='ltr'>furem</span> <span class='ocrx_word' id='word_1_139' title='bbox 1243 2985 1271 3023; x_wconf 74' lang='lat' dir='ltr'>ss</span> 
     </span>
     <span class='ocr_line' id='line_1_24' title="bbox 281 3070 1120 3157; baseline 0 -22"><span class='ocrx_word' id='word_1_140' title='bbox 281 3070 368 3136; x_wconf 82' lang='lat' dir='ltr'>Cura</span> <span class='ocrx_word' id='word_1_141' title='bbox 389 3077 503 3137; x_wconf 79' lang='lat' dir='ltr'>vocat:</span> <span class='ocrx_word' id='word_1_142' title='bbox 528 3076 636 3155; x_wconf 88' lang='lat' dir='ltr'>pauei,</span> <span class='ocrx_word' id='word_1_143' title='bbox 662 3074 750 3157; x_wconf 89' lang='lat' dir='ltr'>quod</span> <span class='ocrx_word' id='word_1_144' title='bbox 775 3076 855 3137; x_wconf 90' lang='lat' dir='ltr'>sinit</span> <span class='ocrx_word' id='word_1_145' title='bbox 878 3076 971 3151; x_wconf 89' lang='lat' dir='ltr'>alter,</span> <span class='ocrx_word' id='word_1_146' title='bbox 997 3077 1120 3136; x_wconf 89' lang='lat' dir='ltr'>amant.</span> 
     </span>
     <span class='ocr_line' id='line_1_25' title="bbox 235 3188 1097 3271; baseline 0 -20"><span class='ocrx_word' id='word_1_147' title='bbox 235 3188 303 3251; x_wconf 86' lang='lat' dir='ltr'>Nee</span> <span class='ocrx_word' id='word_1_148' title='bbox 326 3190 410 3253; x_wconf 84' lang='lat' dir='ltr'>faeie</span> <span class='ocrx_word' id='word_1_149' title='bbox 433 3190 544 3271; x_wconf 82' lang='lat' dir='ltr'>placet</span> <span class='ocrx_word' id='word_1_150' title='bbox 567 3191 626 3253; x_wconf 90' lang='lat' dir='ltr'>illa</span> <span class='ocrx_word' id='word_1_151' title='bbox 650 3212 720 3265; x_wconf 82' lang='lat' dir='ltr'>sua,</span> <span class='ocrx_word' id='word_1_152' title='bbox 747 3193 805 3254; x_wconf 90' lang='lat' dir='ltr'>sed</span> <span class='ocrx_word' id='word_1_153' title='bbox 830 3211 941 3254; x_wconf 89' lang='lat' dir='ltr'>amore</span> <span class='ocrx_word' id='word_1_154' title='bbox 966 3190 1097 3253; x_wconf 88' lang='lat' dir='ltr'>mariti:</span> 
     </span>
     <span class='ocr_line' id='line_1_26' title="bbox 280 3292 1096 3388; baseline 0.002 -22"><span class='ocrx_word' id='word_1_155' title='bbox 280 3304 399 3367; x_wconf 85' lang='lat' dir='ltr'>Nescio</span> <span class='ocrx_word' id='word_1_156' title='bbox 425 3292 512 3388; x_wconf 79' lang='lat' dir='ltr'>quid,</span> <span class='ocrx_word' id='word_1_157' title='bbox 540 3307 628 3388; x_wconf 90' lang='lat' dir='ltr'>quod</span> <span class='ocrx_word' id='word_1_158' title='bbox 652 3311 684 3369; x_wconf 89' lang='lat' dir='ltr'>te</span> <span class='ocrx_word' id='word_1_159' title='bbox 709 3308 843 3388; x_wconf 79' lang='lat' dir='ltr'>ceperit,</span> <span class='ocrx_word' id='word_1_160' title='bbox 872 3327 942 3370; x_wconf 90' lang='lat' dir='ltr'>esse</span> <span class='ocrx_word' id='word_1_161' title='bbox 967 3310 1096 3388; x_wconf 88' lang='lat' dir='ltr'>putant.</span> 
     </span>
     <span class='ocr_line' id='line_1_27' title="bbox 235 3419 1226 3502; baseline 0.002 -20"><span class='ocrx_word' id='word_1_162' title='bbox 235 3419 310 3483; x_wconf 91' lang='lat' dir='ltr'>Non</span> <span class='ocrx_word' id='word_1_163' title='bbox 333 3420 439 3501; x_wconf 87' lang='lat' dir='ltr'>proba</span> <span class='ocrx_word' id='word_1_164' title='bbox 462 3420 509 3494; x_wconf 87' lang='lat' dir='ltr'>fit,</span> <span class='ocrx_word' id='word_1_165' title='bbox 535 3442 635 3502; x_wconf 91' lang='lat' dir='ltr'>quam</span> <span class='ocrx_word' id='word_1_166' title='bbox 659 3423 710 3484; x_wconf 87' lang='lat' dir='ltr'>vir</span> <span class='ocrx_word' id='word_1_167' title='bbox 734 3427 852 3497; x_wconf 85' lang='lat' dir='ltr'>servat,</span> <span class='ocrx_word' id='word_1_168' title='bbox 873 3421 931 3485; x_wconf 89' lang='lat' dir='ltr'>sed</span> <span class='ocrx_word' id='word_1_169' title='bbox 954 3423 1105 3485; x_wconf 88' lang='lat' dir='ltr'>adultera</span> <span class='ocrx_word' id='word_1_170' title='bbox 1129 3442 1226 3485; x_wconf 86' lang='lat' dir='ltr'>cara:</span> 
     </span>
     <span class='ocr_line' id='line_1_28' title="bbox 279 3535 1272 3619; baseline 0.007 -21"><span class='ocrx_word' id='word_1_171' title='bbox 279 3535 355 3618; x_wconf 86' lang='lat' dir='ltr'>Ipse</span> <span class='ocrx_word' id='word_1_172' title='bbox 378 3537 480 3600; x_wconf 90' lang='lat' dir='ltr'>timor</span> <span class='ocrx_word' id='word_1_173' title='bbox 503 3539 649 3618; x_wconf 88' lang='lat' dir='ltr'>pretium</span> <span class='ocrx_word' id='word_1_174' title='bbox 673 3558 811 3619; x_wconf 86' lang='lat' dir='ltr'>corpore</span> <span class='ocrx_word' id='word_1_175' title='bbox 835 3540 943 3602; x_wconf 89' lang='lat' dir='ltr'>maius</span> <span class='ocrx_word' id='word_1_176' title='bbox 968 3540 1077 3602; x_wconf 91' lang='lat' dir='ltr'>habet.</span> <span class='ocrx_word' id='word_1_177' title='bbox 1243 3569 1272 3605; x_wconf 78' lang='lat'>30</span> 
     </span>
     <span class='ocr_line' id='line_1_29' title="bbox 234 3650 1058 3738; baseline 0.006 -25"><span class='ocrx_word' id='word_1_178' title='bbox 234 3650 412 3734; x_wconf 89' lang='lat' dir='ltr'>Indignere</span> <span class='ocrx_word' id='word_1_179' title='bbox 436 3654 524 3730; x_wconf 85' lang='lat' dir='ltr'>lieet,</span> <span class='ocrx_word' id='word_1_180' title='bbox 550 3656 642 3718; x_wconf 90' lang='lat' dir='ltr'>iuvat</span> <span class='ocrx_word' id='word_1_181' title='bbox 666 3657 861 3720; x_wconf 80' lang='lat' dir='ltr'>inconcessa</span> <span class='ocrx_word' id='word_1_182' title='bbox 886 3659 1058 3738; x_wconf 87' lang='lat' dir='ltr'>voluptas:</span> 
     </span>
     <span class='ocr_line' id='line_1_30' title="bbox 280 3765 1073 3855; baseline 0.005 -24"><span class='ocrx_word' id='word_1_183' title='bbox 280 3765 359 3832; x_wconf 82' lang='lat' dir='ltr'>Sola</span> <span class='ocrx_word' id='word_1_184' title='bbox 382 3770 500 3850; x_wconf 75' lang='lat' dir='ltr'>placet,</span> <span class='ocrx_word' id='word_1_185' title='bbox 531 3772 670 3834; x_wconf 76' lang='lat' dir='ltr'>«timeo»</span> <span class='ocrx_word' id='word_1_186' title='bbox 700 3772 808 3835; x_wconf 91' lang='lat' dir='ltr'>dioere</span> <span class='ocrx_word' id='word_1_187' title='bbox 834 3775 929 3855; x_wconf 86' lang='lat' dir='ltr'>siqua</span> <span class='ocrx_word' id='word_1_188' title='bbox 951 3776 1073 3854; x_wconf 89' lang='lat' dir='ltr'>potest.</span> 
     </span>
     <span class='ocr_line' id='line_1_31' title="bbox 233 3883 1143 3971; baseline 0.007 -26"><span class='ocrx_word' id='word_1_189' title='bbox 233 3883 301 3946; x_wconf 90' lang='lat' dir='ltr'>Neo</span> <span class='ocrx_word' id='word_1_190' title='bbox 324 3888 439 3948; x_wconf 88' lang='lat' dir='ltr'>tamen</span> <span class='ocrx_word' id='word_1_191' title='bbox 462 3887 646 3967; x_wconf 88' lang='lat' dir='ltr'>ingenuam</span> <span class='ocrx_word' id='word_1_192' title='bbox 669 3889 722 3950; x_wconf 89' lang='lat' dir='ltr'>ius</span> <span class='ocrx_word' id='word_1_193' title='bbox 748 3894 798 3951; x_wconf 88' lang='lat' dir='ltr'>est</span> <span class='ocrx_word' id='word_1_194' title='bbox 823 3909 952 3952; x_wconf 88' lang='lat' dir='ltr'>servare</span> <span class='ocrx_word' id='word_1_195' title='bbox 976 3890 1143 3971; x_wconf 89' lang='lat' dir='ltr'>puellam:</span> 
     </span>
     <span class='ocr_line' id='line_1_32' title="bbox 277 3999 1057 4089; baseline 0.012 -27"><span class='ocrx_word' id='word_1_196' title='bbox 277 3999 342 4064; x_wconf 85' lang='lat' dir='ltr'>Hie</span> <span class='ocrx_word' id='word_1_197' title='bbox 366 4007 477 4067; x_wconf 87' lang='lat' dir='ltr'>metus</span> <span class='ocrx_word' id='word_1_198' title='bbox 502 4009 645 4068; x_wconf 83' lang='lat' dir='ltr'>externae</span> <span class='ocrx_word' id='word_1_199' title='bbox 669 4026 808 4089; x_wconf 85' lang='lat' dir='ltr'>corpora</span> <span class='ocrx_word' id='word_1_200' title='bbox 832 4009 941 4085; x_wconf 85' lang='lat' dir='ltr'>gentis</span> <span class='ocrx_word' id='word_1_201' title='bbox 966 4010 1057 4088; x_wconf 89' lang='lat' dir='ltr'>agat!</span> 
     </span>
     <span class='ocr_line' id='line_1_33' title="bbox 234 4113 1268 4203; baseline 0.011 -25"><span class='ocrx_word' id='word_1_202' title='bbox 234 4113 368 4180; x_wconf 81' lang='lat' dir='ltr'>Soilioet</span> <span class='ocrx_word' id='word_1_203' title='bbox 391 4121 429 4180; x_wconf 90' lang='lat' dir='ltr'>ut</span> <span class='ocrx_word' id='word_1_204' title='bbox 451 4121 559 4199; x_wconf 90' lang='lat' dir='ltr'>possit</span> <span class='ocrx_word' id='word_1_205' title='bbox 582 4125 695 4184; x_wconf 88' lang='lat' dir='ltr'>eustos</span> <span class='ocrx_word' id='word_1_206' title='bbox 724 4143 822 4203; x_wconf 78' lang='lat' dir='ltr'>«ego»</span> <span class='ocrx_word' id='word_1_207' title='bbox 851 4123 958 4186; x_wconf 88' lang='lat' dir='ltr'>dioere</span> <span class='ocrx_word' id='word_1_208' title='bbox 987 4125 1101 4201; x_wconf 79' lang='lat' dir='ltr'>«feei»,</span> <span class='ocrx_word' id='word_1_209' title='bbox 1240 4154 1268 4190; x_wconf 75' lang='lat' dir='ltr'>ee</span> 
     </span>
    </p>
   </div>
   <div class='ocr_carea' id='block_1_6' title="bbox 0 0 1452 4754">
    <p class='ocr_par' dir='ltr' id='par_1_14' title="bbox 0 0 1452 4754">
     <span class='ocr_line' id='line_1_34' title="bbox 0 0 1452 4754; baseline 0 3"><span class='ocrx_word' id='word_1_210' title='bbox 0 0 1452 4754; x_wconf 95' lang='lat' dir='ltr'> </span> 
     </span>
    </p>
   </div>
  </div>
 </body>
</html>
