2896 4754
159 327 212 379 ala
597 348 639 391 ln
654 349 704 391 m.
723 343 748 404 r,
766 344 855 392 e-ec.

159 525 276 580 crimen
298 541 435 598 onusque
458 543 527 581 suc»
555 525 585 580 et
609 522 654 591 11,
676 523 730 582 66:
758 521 814 579 «Et
834 522 969 597 positum
996 523 1044 578 est
1066 522 1156 579 uteri
1179 518 1299 577 crimen

159 648 296 705 onusque
318 630 407 688 mei».
430 666 435 671 -
466 666 470 670 -
492 649 642 706 curesque,
664 632 699 687 ut
720 629 803 688 infra
822 649 865 688 vs.
892 629 951 688 15:
978 629 1108 686 «inutile
1142 625 1298 703 pondus».

211 736 246 794 V.
271 739 297 796 6.
317 747 411 813 parte
432 740 571 810 tteeaute,
593 736 784 812 voluptatem
807 735 917 806 dante;
940 735 1089 795 hocloco
1115 733 1300 792 membrum

158 841 246 899 virile
269 841 430 917 significat,
454 842 628 900 membrum
649 841 821 899 femineum
850 841 904 900 Ov.
934 841 970 900 A.
994 841 1028 899 A.
1052 841 1093 899 II.
1119 841 1222 899 307-
1231 840 1300 900 308.

160 946 211 1021 (ad
233 948 415 1024 amatorem)
429 971 435 1007 :
463 948 567 1022 «Ipsos
583 947 770 1016 concubitus
788 948 890 1021 ipsum
904 942 1051 1005 venerere
1067 945 1189 1015 licebit,
1208 947 1301 1018 Quod

158 1056 262 1112 taceat»
289 1055 321 1130 (i.
344 1073 368 1112 e.
392 1053 536 1129 pudenda
557 1053 690 1130 puellae).
706 1052 752 1112 ef.
768 1053 822 1112 Ov.
844 1053 879 1111 A.
895 1051 930 1112 A.
946 1053 1004 1112 ΙΠ.
1022 1053 1212 1113 lae-800:
1233 1053 1301 1111 «In-

158 1160 240 1229 felix,
260 1161 310 1218 cui
330 1163 432 1236 torpet
453 1160 547 1219 hebes
568 1161 652 1218 loeus
672 1161 733 1229 ille,
757 1159 860 1235 puella
882 1162 936 1229 est,
961 1159 1027 1231 Quo
1042 1159 1170 1235 pariter
1185 1159 1302 1218 debent

160 1267 277 1325 femina
297 1265 404 1341 virque
429 1265 517 1324 frui».

213 1375 247 1432 V.
271 1375 378 1432 8---1a
401 1375 560 1434 Bracchia
581 1373 729 1433 Sithouia
752 1364 939 1434 candidiora
960 1375 1040 1442 utve,
1058 1392 1096 1432 ex
1112 1373 1233 1432 Catull.
1254 1373 1301 1439 80,

163 1481 172 1538 1
220 1481 256 1541 2:
274 1499 384 1556 «quare
399 1500 487 1540 rosea
501 1481 561 1540 ista
576 1480 686 1539 labella
699 1481 839 1540 Hiberna
852 1481 930 1539 fiant
943 1481 1127 1540 candidiora
1139 1484 1248 1541 nive»,
1264 1518 1284 1523 -»

158 1584 315 1658 Sithonia,
338 1588 488 1659 Thracia;
512 1586 625 1662 frigora
640 1590 744 1645 autem
759 1586 897 1646 Thraciae
914 1606 994 1663 saepe
1006 1592 1304 1647 commemorantur

159 1696 297 1769 apaetis
321 1694 444 1754 Graecis,
532 1695 707 1768 Osculaque
729 1696 864 1753 iaseuu't
895 1694 1008 1771 cupide
1040 1694 1207 1753 luctantia
1241 1696 1301 1754 aa·

158 1803 229 1875 grets
265 1803 432 1861 Lascivum
466 1804 581 1878 faltoni
614 1804 844 1878 supposuitque
877 1803 991 1877 femur,
1028 1818 1066 1858 ex
1100 1801 1172 1859 Tib.
1211 1801 1238 1870 Ι,
1274 1803 1300 1861 8.

160 1908 212 1966 25-
225 1907 297 1968 -db:
325 1908 394 1966 «sed
416 1909 507 1983 longa
529 1908 649 1966 dedisse
673 1908 792 1977 Oscula,
816 1908 870 1966 sed
892 1908 1003 1966 femori
1024 1909 1227 1966 conseruisse
1260 1909 1301 1965 fe-

160 2034 257 2072 mur».
347 2014 543 2090 Osculaque.
561 2063 567 2074 .
584 2063 591 2075 .
615 2016 773 2074 luctantia
788 2016 917 2090 linguis,
933 2033 971 2071 ex
984 2014 1048 2073 Tib.
1065 2014 1089 2071 I.
1107 2014 1136 2082 8,
1155 2015 1233 2073 37-
1242 2016 1301 2074 38:

164 2119 220 2178 «Et
241 2121 313 2179 dare
336 2122 497 2181 anhelanti
518 2124 728 2198 pugnantibus
750 2123 856 2181 umida
870 2122 982 2198 linguis
1005 2122 1148 2180 Oscula».
1165 2121 1217 2181 Ad
1233 2141 1300 2179 rern

159 2227 195 2284 cf.
220 2225 291 2285 adn.
314 2247 406 2302 supra
428 2228 466 2286 ad
497 2228 537 2286 II.
570 2232 598 2296 5,
621 2229 674 2287 24:
712 2228 806 2286 «Illa.
824 2274 854 2287 ..
877 2228 982 2303 lingua
1003 2247 1083 2286 nexa
1104 2227 1272 2286 fuisse».-

158 2335 303 2403 tuserutt,
327 2336 497 2393 immiscuit
527 2336 637 2393 ceteris
669 2334 846 2404 blanditiis3
878 2334 916 2393 cf.
949 2335 1003 2393 Ov.
1032 2333 1066 2392 A.
1089 2334 1127 2392 A.
1158 2334 1183 2393 Ι.
1218 2335 1298 2394 663;

162 2440 255 2510 <duis
282 2443 407 2515 sapiens
429 2441 550 2499 blandis
571 2461 635 2501 non
651 2442 780 2500 misceat
794 2442 897 2500 oscula
910 2442 1049 2499 verblsu
1069 2475 1109 2481 -ss-
1124 2442 1296 2500 Lascivum

158 2548 273 2622 autore
293 2551 520 2625 stepposuitque
542 2550 654 2624 femur,
677 2552 712 2606 ut
735 2548 842 2608 Catull.
867 2550 915 2620 69,
938 2549 974 2608 2:
1003 2552 1163 2607 «tenerum
1179 2568 1296 2625 suppo·

162 2654 259 2712 suisse
281 2654 408 2712 femur».

215 2760 249 2818 V.
277 2761 321 2819 19.
341 2760 472 2850 prothea
494 2763 596 2833 saca,
618 2761 701 2819 inter
723 2766 862 2820 amantes
883 2762 1005 2819 usitata.

216 2868 252 2926 V.
279 2869 323 2926 13.
350 2868 375 2926 T
375 2878 468 2927 arla.
487 2916 493 2927 .
510 2916 516 2927 .
540 2890 612 2929 elaea
632 2871 775 2928 lacustra
796 2871 909 2937 stada,
933 2868 1118 2957 malagmate
1142 2885 1178 2924 ex
1196 2867 1297 2926 cicuta

161 2975 242 3033 facto
264 2975 434 3033 utebantur
456 2975 576 3052 antiqui
598 2976 636 3034 ad
657 2974 867 3034 inflammatas
888 2977 992 3049 partes
1014 2973 1295 3050 corporis—refrige-

159 3082 292 3151 randas;
315 3083 350 3140 cf.
375 3084 454 3141 Plin.
478 3083 514 3141 N.
535 3083 575 3141 H.
599 3082 694 3142 XXV.
719 3083 794 3141 153:
832 3080 899 3139 «Fit
931 3100 969 3139 ex
1000 3099 1035 3139 ec
1071 3080 1125 3157 (sc.
1158 3099 1200 3138 ex
1226 3100 1296 3138 suco

160 3187 280 3264 cicutae)
304 3192 335 3246 et
357 3189 395 3246 ad
415 3188 661 3264 refrigerandum
676 3187 872 3248 stomachum
887 3190 1069 3260 malagma».
1140 3187 1295 3258 membra,

160 3313 254 3352 sensu
277 3294 417 3353 obscene.

215 3403 251 3460 V.
277 3401 312 3459 15
351 3403 403 3460 -18,
427 3406 552 3479 species,
575 3402 594 3462 i.
618 3421 642 3460 e.
667 3401 785 3477 species
808 3401 935 3478 (imago)
957 3399 1061 3458 inanis
1082 3400 1151 3468 viri,
1167 3419 1235 3460 non
1249 3400 1295 3458 vir

160 3525 258 3566 verus
282 3545 293 3548 »
343 3510 470 3568 Elaea
500 3520 657 3581 eaaetura,
689 3529 753 3567 non
786 3513 852 3566 erat
882 3511 1009 3567 certum.
1111 3507 1195 3578 Quae
1216 3508 1295 3566 utilit

160 3622 322 3673 ausaausa
339 3663 344 3674 .
362 3661 391 3674 ..
424 3622 573 3687 seueetuS,
606 3635 679 3675 erim
710 3618 788 3676 desit
810 3618 952 3674 uteuieris
973 3617 1045 3689 ipsa
1066 3615 1199 3672 iuveuta
1220 3616 1292 3680 suis,

160 3739 198 3778 ex
219 3721 394 3780 Philodemi
416 3724 639 3797 epigrammate
663 3723 769 3798 (Anah.
794 3706 858 3780 Pal.
881 3722 934 3779 XI.
968 3723 1015 3789 30,
1048 3721 1075 3778 5·
1090 3718 1160 3795 -6):
1178 3703 1222 3779 Ὦ
1242 3720 1291 3798 γῆ-

159 3845 231 3904 ρας.
263 3829 373 3908 γῆρας,
404 3828 434 3887 τί
463 3821 543 3889 ποθ’
574 3826 719 3907 ὕστερον,
751 3822 788 3909 ἢν
819 3821 958 3906 ἀφίκηαι,
983 3821 1144 3906 Ποιήσας,
1166 3822 1223 3885 ὅτε
1244 3823 1293 3883 νῦν

160 3930 228 3993 ὧδε
259 3931 494 4016 μαραινόμεθα.
517 3972 557 3979 w
578 3938 789 3995 ricemeris...
812 3937 886 4008 suis,
909 3933 1037 4002 officiis,
1050 3932 1240 3991 muneribus.

215 4041 251 4101 V.
278 4042 322 4102 19.
346 4061 454 4118 artare,
478 4063 514 4101 ex
537 4063 607 4103 mea
628 4043 826 4113 coniectura;
850 4042 887 4101 ci.
909 4041 992 4098 infra
1013 4038 1083 4097 adn.
1099 4039 1160 4097 crit
1175 4037 1258 4097 adh.
1272 4036 1289 4094 l.

214 4150 250 4208 V.
275 4151 330 4208 Ol-
356 4150 403 4209 26.
418 4151 565 4225 (lattuuas
581 4197 587 4208 .
605 4197 610 4208 .
628 4152 730 4224 atas,
747 4151 833 4223 ignes
848 4151 980 4207 aeternos
994 4147 1106 4205 Vestae.
1121 4180 1161 4186 —
1176 4150 1290 4204 oeteruu
