<?xml version="1.0" encoding="UTF-8"?>
<!DOCTYPE html PUBLIC "-//W3C//DTD XHTML 1.0 Transitional//EN"
    "http://www.w3.org/TR/xhtml1/DTD/xhtml1-transitional.dtd">
<html xmlns="http://www.w3.org/1999/xhtml" xml:lang="en" lang="en">
 <head>
  <title>
</title>
<meta http-equiv="Content-Type" content="text/html;charset=utf-8" />
  <meta name='ocr-system' content='tesseract 3.04.00' />
  <meta name='ocr-capabilities' content='ocr_page ocr_carea ocr_par ocr_line ocrx_word'/>
</head>
<body>
  <div class='ocr_page' id='page_1' title='image "./povidiinasonisa01ovidgoog_0052.png"; bbox 0 0 2896 4754; ppageno 0'>
   <div class='ocr_carea' id='block_1_1' title="bbox 538 356 776 402">
    <p class='ocr_par' dir='ltr' id='par_1_1' title="bbox 538 356 776 402">
     <span class='ocr_line' id='line_1_1' title="bbox 538 356 776 402; baseline -0.004 0"><span class='ocrx_word' id='word_1_1' title='bbox 538 357 675 402; x_wconf 78' lang='lat' dir='ltr'>AMORUM</span> <span class='ocrx_word' id='word_1_2' title='bbox 693 359 728 401; x_wconf 90' lang='lat'>11.</span> <span class='ocrx_word' id='word_1_3' title='bbox 750 356 776 402; x_wconf 80' lang='lat'>6.</span> 
     </span>
    </p>
   </div>
   <div class='ocr_carea' id='block_1_2' title="bbox 161 536 1110 1072">
    <p class='ocr_par' dir='ltr' id='par_1_2' title="bbox 185 536 1066 618">
     <span class='ocr_line' id='line_1_2' title="bbox 185 536 1066 618; baseline -0.007 -16"><span class='ocrx_word' id='word_1_4' title='bbox 185 539 258 602; x_wconf 90' lang='lat' dir='ltr'>Nux</span> <span class='ocrx_word' id='word_1_5' title='bbox 281 542 352 602; x_wconf 85' lang='lat' dir='ltr'>erat</span> <span class='ocrx_word' id='word_1_6' title='bbox 376 559 451 601; x_wconf 89' lang='lat' dir='ltr'>esca</span> <span class='ocrx_word' id='word_1_7' title='bbox 474 537 537 601; x_wconf 92' lang='lat' dir='ltr'>tibi</span> <span class='ocrx_word' id='word_1_8' title='bbox 561 556 733 618; x_wconf 76' lang='lat' dir='ltr'>causaeque</span> <span class='ocrx_word' id='word_1_9' title='bbox 756 555 923 617; x_wconf 89' lang='lat' dir='ltr'>papavera</span> <span class='ocrx_word' id='word_1_10' title='bbox 938 536 1066 605; x_wconf 89' lang='lat' dir='ltr'>somni,</span> 
     </span>
    </p>

    <p class='ocr_par' dir='ltr' id='par_1_3' title="bbox 161 651 990 736">
     <span class='ocr_line' id='line_1_3' title="bbox 161 651 990 736; baseline -0.005 -20"><span class='ocrx_word' id='word_1_11' title='bbox 161 699 166 716; x_wconf 81' lang='grc'>,</span> <span class='ocrx_word' id='word_1_12' title='bbox 228 654 440 736; x_wconf 68' lang='lat' dir='ltr'>Pellebatque</span> <span class='ocrx_word' id='word_1_13' title='bbox 466 652 556 715; x_wconf 90' lang='lat' dir='ltr'>sitim</span> <span class='ocrx_word' id='word_1_14' title='bbox 582 651 743 733; x_wconf 90' lang='lat' dir='ltr'>simplicis</span> <span class='ocrx_word' id='word_1_15' title='bbox 767 671 865 713; x_wconf 91' lang='lat' dir='ltr'>umor</span> <span class='ocrx_word' id='word_1_16' title='bbox 889 671 990 732; x_wconf 76' lang='lat' dir='ltr'>aquae.</span> 
     </span>
    </p>

    <p class='ocr_par' dir='ltr' id='par_1_4' title="bbox 185 766 1110 963">
     <span class='ocr_line' id='line_1_4' title="bbox 185 766 1110 859; baseline -0.004 -25"><span class='ocrx_word' id='word_1_17' title='bbox 185 770 275 834; x_wconf 88' lang='lat' dir='ltr'>Vivit</span> <span class='ocrx_word' id='word_1_18' title='bbox 299 768 381 833; x_wconf 86' lang='lat' dir='ltr'>edax</span> <span class='ocrx_word' id='word_1_19' title='bbox 404 768 517 831; x_wconf 89' lang='lat' dir='ltr'>vultur</span> <span class='ocrx_word' id='word_1_20' title='bbox 541 766 731 848; x_wconf 78' lang='lat' dir='ltr'>ducensque</span> <span class='ocrx_word' id='word_1_21' title='bbox 755 787 815 848; x_wconf 93' lang='lat' dir='ltr'>per</span> <span class='ocrx_word' id='word_1_22' title='bbox 839 787 923 859; x_wconf 65' lang='lat' dir='ltr'>aerau</span> <span class='ocrx_word' id='word_1_23' title='bbox 939 787 1049 848; x_wconf 85' lang='lat' dir='ltr'>gyros</span> <span class='ocrx_word' id='word_1_24' title='bbox 1109 814 1110 818; x_wconf 65' lang='lat'>,</span> 
     </span>
     <span class='ocr_line' id='line_1_5' title="bbox 228 882 1014 963; baseline -0.005 -16"><span class='ocrx_word' id='word_1_25' title='bbox 228 884 356 947; x_wconf 90' lang='lat' dir='ltr'>Miluus</span> <span class='ocrx_word' id='word_1_26' title='bbox 381 886 414 945; x_wconf 88' lang='lat' dir='ltr'>et</span> <span class='ocrx_word' id='word_1_27' title='bbox 436 882 558 963; x_wconf 87' lang='lat' dir='ltr'>pluviae</span> <span class='ocrx_word' id='word_1_28' title='bbox 584 882 738 962; x_wconf 82' lang='lat' dir='ltr'>graculus</span> <span class='ocrx_word' id='word_1_29' title='bbox 763 884 878 944; x_wconf 87' lang='lat' dir='ltr'>auctor</span> <span class='ocrx_word' id='word_1_30' title='bbox 903 902 995 963; x_wconf 86' lang='lat' dir='ltr'>aquae</span> <span class='ocrx_word' id='word_1_31' title='bbox 1007 906 1014 956; x_wconf 91' lang='lat'>;</span> 
     </span>
    </p>

    <p class='ocr_par' dir='ltr' id='par_1_5' title="bbox 173 998 982 1072">
     <span class='ocr_line' id='line_1_6' title="bbox 173 998 982 1072; baseline -0.005 -7"><span class='ocrx_word' id='word_1_32' title='bbox 173 1000 274 1065; x_wconf 88' lang='lat' dir='ltr'>-Vivit</span> <span class='ocrx_word' id='word_1_33' title='bbox 298 1006 330 1065; x_wconf 93' lang='lat' dir='ltr'>et</span> <span class='ocrx_word' id='word_1_34' title='bbox 355 1000 518 1063; x_wconf 86' lang='lat' dir='ltr'>armiferae</span> <span class='ocrx_word' id='word_1_35' title='bbox 543 999 658 1061; x_wconf 89' lang='lat' dir='ltr'>cornix</span> <span class='ocrx_word' id='word_1_36' title='bbox 681 999 792 1060; x_wconf 86' lang='lat' dir='ltr'>invisa</span> <span class='ocrx_word' id='word_1_37' title='bbox 814 998 982 1072; x_wconf 69' lang='lat' dir='ltr'>Minervae,</span> 
     </span>
    </p>
   </div>
   <div class='ocr_carea' id='block_1_3' title="bbox 187 1116 1051 1448">
    <p class='ocr_par' dir='ltr' id='par_1_6' title="bbox 187 1116 1051 1448">
     <span class='ocr_line' id='line_1_7' title="bbox 229 1116 1007 1207; baseline -0.005 -27"><span class='ocrx_word' id='word_1_38' title='bbox 229 1117 293 1180; x_wconf 88' lang='lat' dir='ltr'>Illa</span> <span class='ocrx_word' id='word_1_39' title='bbox 317 1116 451 1199; x_wconf 91' lang='lat' dir='ltr'>quidem</span> <span class='ocrx_word' id='word_1_40' title='bbox 475 1116 581 1179; x_wconf 85' lang='lat' dir='ltr'>saeclis</span> <span class='ocrx_word' id='word_1_41' title='bbox 606 1116 846 1207; x_wconf 18' lang='lat' dir='ltr'>vixnmon&#39;tura</span> <span class='ocrx_word' id='word_1_42' title='bbox 869 1135 1007 1177; x_wconf 87' lang='lat' dir='ltr'>novem:</span> 
     </span>
     <span class='ocr_line' id='line_1_8' title="bbox 187 1232 982 1314; baseline -0.005 -18"><span class='ocrx_word' id='word_1_43' title='bbox 187 1232 313 1297; x_wconf 76' lang='lat' dir='ltr'>Occidit</span> <span class='ocrx_word' id='word_1_44' title='bbox 335 1233 396 1295; x_wconf 87' lang='lat' dir='ltr'>illa</span> <span class='ocrx_word' id='word_1_45' title='bbox 419 1233 542 1314; x_wconf 82' lang='lat' dir='ltr'>loquax</span> <span class='ocrx_word' id='word_1_46' title='bbox 566 1232 722 1294; x_wconf 86' lang='lat' dir='ltr'>humanae</span> <span class='ocrx_word' id='word_1_47' title='bbox 746 1232 837 1293; x_wconf 90' lang='lat' dir='ltr'>vocis</span> <span class='ocrx_word' id='word_1_48' title='bbox 862 1232 982 1310; x_wconf 85' lang='lat' dir='ltr'>imago,</span> 
     </span>
     <span class='ocr_line' id='line_1_9' title="bbox 229 1328 1051 1448; baseline -0.007 -37"><span class='ocrx_word' id='word_1_49' title='bbox 229 1328 404 1422; x_wconf 70' lang='lat' dir='ltr'>Psittacus,</span> <span class='ocrx_word' id='word_1_50' title='bbox 431 1350 577 1409; x_wconf 88' lang='lat' dir='ltr'>extremo</span> <span class='ocrx_word' id='word_1_51' title='bbox 602 1367 725 1409; x_wconf 88' lang='lat' dir='ltr'>munus</span> <span class='ocrx_word' id='word_1_52' title='bbox 751 1346 805 1448; x_wconf 73' lang='lat' dir='ltr'>ab7</span> <span class='ocrx_word' id='word_1_53' title='bbox 817 1346 894 1408; x_wconf 90' lang='lat' dir='ltr'>orbe</span> <span class='ocrx_word' id='word_1_54' title='bbox 919 1345 1051 1408; x_wconf 83' lang='lat' dir='ltr'>datum!</span> 
     </span>
    </p>
   </div>
   <div class='ocr_carea' id='block_1_4' title="bbox 101 1444 1218 4202">
    <p class='ocr_par' dir='ltr' id='par_1_7' title="bbox 186 1444 1067 1660">
     <span class='ocr_line' id='line_1_10' title="bbox 186 1444 1067 1553; baseline -0.005 -26"><span class='ocrx_word' id='word_1_55' title='bbox 186 1462 321 1546; x_wconf 92' lang='lat' dir='ltr'>Optima</span> <span class='ocrx_word' id='word_1_56' title='bbox 343 1462 453 1544; x_wconf 89' lang='lat' dir='ltr'>prima</span> <span class='ocrx_word' id='word_1_57' title='bbox 477 1464 544 1524; x_wconf 89' lang='lat' dir='ltr'>fere</span> <span class='ocrx_word' id='word_1_58' title='bbox 568 1444 728 1525; x_wconf 69' lang='lat' dir='ltr'>rnanrlriis</span> <span class='ocrx_word' id='word_1_59' title='bbox 744 1451 926 1544; x_wconf 50' lang='lat' dir='ltr'>&#39;rapiuntur</span> <span class='ocrx_word' id='word_1_60' title='bbox 942 1461 1067 1553; x_wconf 72' lang='lat' dir='ltr'>⁷avaris,</span> 
     </span>
     <span class='ocr_line' id='line_1_11' title="bbox 228 1573 880 1660; baseline 0 -18"><span class='ocrx_word' id='word_1_61' title='bbox 228 1579 407 1660; x_wconf 80' lang='lat' dir='ltr'>inplentur</span> <span class='ocrx_word' id='word_1_62' title='bbox 429 1579 578 1641; x_wconf 90' lang='lat' dir='ltr'>numeris</span> <span class='ocrx_word' id='word_1_63' title='bbox 604 1573 767 1641; x_wconf 85' lang='lat' dir='ltr'>deteriora</span> <span class='ocrx_word' id='word_1_64' title='bbox 791 1578 880 1642; x_wconf 91' lang='lat' dir='ltr'>suis:</span> 
     </span>
    </p>

    <p class='ocr_par' dir='ltr' id='par_1_8' title="bbox 186 1694 1070 1893">
     <span class='ocr_line' id='line_1_12' title="bbox 186 1694 966 1776; baseline -0.004 -18"><span class='ocrx_word' id='word_1_65' title='bbox 186 1696 306 1758; x_wconf 84' lang='lat' dir='ltr'>Tristia</span> <span class='ocrx_word' id='word_1_66' title='bbox 328 1695 515 1776; x_wconf 87' lang='lat' dir='ltr'>Phylacidae</span> <span class='ocrx_word' id='word_1_67' title='bbox 539 1694 707 1757; x_wconf 82' lang='lat' dir='ltr'>Thersites</span> <span class='ocrx_word' id='word_1_68' title='bbox 732 1695 851 1757; x_wconf 88' lang='lat' dir='ltr'>funera</span> <span class='ocrx_word' id='word_1_69' title='bbox 874 1694 966 1764; x_wconf 90' lang='lat' dir='ltr'>vidit,</span> 
     </span>
     <span class='ocr_line' id='line_1_13' title="bbox 229 1810 1070 1893; baseline -0.002 -19"><span class='ocrx_word' id='word_1_70' title='bbox 229 1810 366 1893; x_wconf 88' lang='lat' dir='ltr'>Iamque</span> <span class='ocrx_word' id='word_1_71' title='bbox 391 1811 477 1873; x_wconf 84' lang='lat' dir='ltr'>cinis</span> <span class='ocrx_word' id='word_1_72' title='bbox 500 1810 586 1872; x_wconf 92' lang='lat' dir='ltr'>vivis</span> <span class='ocrx_word' id='word_1_73' title='bbox 610 1811 769 1873; x_wconf 85' lang='lat' dir='ltr'>fratribus</span> <span class='ocrx_word' id='word_1_74' title='bbox 793 1811 918 1874; x_wconf 91' lang='lat' dir='ltr'>Hector</span> <span class='ocrx_word' id='word_1_75' title='bbox 942 1816 1020 1873; x_wconf 82' lang='lat' dir='ltr'>erat.</span> <span class='ocrx_word' id='word_1_76' title='bbox 1068 1855 1070 1860; x_wconf 85' lang='lat'><em>-</em></span> 
     </span>
    </p>

    <p class='ocr_par' dir='ltr' id='par_1_9' title="bbox 187 1924 1059 2123">
     <span class='ocr_line' id='line_1_14' title="bbox 187 1924 1059 2007; baseline 0 -19"><span class='ocrx_word' id='word_1_77' title='bbox 187 1926 273 2005; x_wconf 84' lang='lat' dir='ltr'>Quid</span> <span class='ocrx_word' id='word_1_78' title='bbox 295 1928 437 1990; x_wconf 89' lang='lat' dir='ltr'>referam</span> <span class='ocrx_word' id='word_1_79' title='bbox 460 1924 585 1988; x_wconf 84' lang='lat' dir='ltr'>timidae</span> <span class='ocrx_word' id='word_1_80' title='bbox 608 1946 669 2007; x_wconf 89' lang='lat' dir='ltr'>pro</span> <span class='ocrx_word' id='word_1_81' title='bbox 692 1930 725 1988; x_wconf 92' lang='lat' dir='ltr'>te</span> <span class='ocrx_word' id='word_1_82' title='bbox 749 1927 806 2006; x_wconf 89' lang='lat' dir='ltr'>pia</span> <span class='ocrx_word' id='word_1_83' title='bbox 828 1930 905 1989; x_wconf 90' lang='lat' dir='ltr'>vota</span> <span class='ocrx_word' id='word_1_84' title='bbox 928 1926 1059 2007; x_wconf 83' lang='lat' dir='ltr'>puellae,</span> 
     </span>
     <span class='ocr_line' id='line_1_15' title="bbox 229 2023 975 2123; baseline 0 -19"><span class='ocrx_word' id='word_1_85' title='bbox 229 2041 315 2104; x_wconf 88' lang='lat' dir='ltr'>Vota</span> <span class='ocrx_word' id='word_1_86' title='bbox 338 2041 525 2123; x_wconf 90' lang='lat' dir='ltr'>procelloso</span> <span class='ocrx_word' id='word_1_87' title='bbox 548 2062 608 2122; x_wconf 92' lang='lat' dir='ltr'>per</span> <span class='ocrx_word' id='word_1_88' title='bbox 631 2061 721 2103; x_wconf 86' lang='lat' dir='ltr'>mare</span> <span class='ocrx_word' id='word_1_89' title='bbox 747 2023 841 2123; x_wconf 85' lang='lat' dir='ltr'>rapta</span> <span class='ocrx_word' id='word_1_90' title='bbox 864 2042 975 2104; x_wconf 76' lang='lat' dir='ltr'>Noto?</span> 
     </span>
    </p>

    <p class='ocr_par' dir='ltr' id='par_1_10' title="bbox 186 2153 1059 2349">
     <span class='ocr_line' id='line_1_16' title="bbox 186 2153 1059 2238; baseline -0.002 -18"><span class='ocrx_word' id='word_1_91' title='bbox 186 2155 335 2238; x_wconf 82' lang='lat' dir='ltr'>Septima</span> <span class='ocrx_word' id='word_1_92' title='bbox 358 2158 414 2219; x_wconf 92' lang='lat' dir='ltr'>lux</span> <span class='ocrx_word' id='word_1_93' title='bbox 437 2153 529 2219; x_wconf 74' lang='lat' dir='ltr'>venit</span> <span class='ocrx_word' id='word_1_94' title='bbox 552 2177 622 2219; x_wconf 92' lang='lat' dir='ltr'>non</span> <span class='ocrx_word' id='word_1_95' title='bbox 647 2157 834 2220; x_wconf 86' lang='lat' dir='ltr'>exhibitura</span> <span class='ocrx_word' id='word_1_96' title='bbox 858 2160 1059 2237; x_wconf 86' lang='lat' dir='ltr'>sequentem,</span> 
     </span>
     <span class='ocr_line' id='line_1_17' title="bbox 231 2272 960 2349; baseline -0.001 -15"><span class='ocrx_word' id='word_1_97' title='bbox 231 2272 284 2349; x_wconf 80' lang='lat' dir='ltr'>(Et</span> <span class='ocrx_word' id='word_1_98' title='bbox 308 2273 418 2335; x_wconf 88' lang='lat' dir='ltr'>stabat</span> <span class='ocrx_word' id='word_1_99' title='bbox 440 2293 546 2334; x_wconf 86' lang='lat' dir='ltr'>vacuo</span> <span class='ocrx_word' id='word_1_100' title='bbox 570 2272 638 2334; x_wconf 86' lang='lat' dir='ltr'>iam</span> <span class='ocrx_word' id='word_1_101' title='bbox 664 2272 725 2335; x_wconf 90' lang='lat' dir='ltr'>tibi</span> <span class='ocrx_word' id='word_1_102' title='bbox 749 2272 851 2334; x_wconf 88' lang='lat' dir='ltr'>Parca</span> <span class='ocrx_word' id='word_1_103' title='bbox 874 2272 960 2348; x_wconf 87' lang='lat' dir='ltr'>colo)</span> 
     </span>
    </p>

    <p class='ocr_par' dir='ltr' id='par_1_11' title="bbox 185 2387 1041 2583">
     <span class='ocr_line' id='line_1_18' title="bbox 185 2387 1036 2468; baseline 0 -18"><span class='ocrx_word' id='word_1_104' title='bbox 185 2388 250 2450; x_wconf 91' lang='lat' dir='ltr'>Nec</span> <span class='ocrx_word' id='word_1_105' title='bbox 275 2391 388 2450; x_wconf 85' lang='lat' dir='ltr'>tamen</span> <span class='ocrx_word' id='word_1_106' title='bbox 412 2388 532 2468; x_wconf 85' lang='lat' dir='ltr'>ignavo</span> <span class='ocrx_word' id='word_1_107' title='bbox 558 2391 758 2468; x_wconf 89' lang='lat' dir='ltr'>stupuerunt</span> <span class='ocrx_word' id='word_1_108' title='bbox 781 2387 881 2449; x_wconf 90' lang='lat' dir='ltr'>verba</span> <span class='ocrx_word' id='word_1_109' title='bbox 903 2388 1036 2467; x_wconf 87' lang='lat' dir='ltr'>palato:</span> 
     </span>
     <span class='ocr_line' id='line_1_19' title="bbox 229 2499 1041 2583; baseline 0.001 -18"><span class='ocrx_word' id='word_1_110' title='bbox 229 2499 394 2565; x_wconf 80' lang='lat' dir='ltr'>Clamavit</span> <span class='ocrx_word' id='word_1_111' title='bbox 415 2503 563 2565; x_wconf 90' lang='lat' dir='ltr'>moriens</span> <span class='ocrx_word' id='word_1_112' title='bbox 587 2503 703 2583; x_wconf 85' lang='lat' dir='ltr'>lingua</span> <span class='ocrx_word' id='word_1_113' title='bbox 731 2501 905 2577; x_wconf 80' lang='lat' dir='ltr'>«Corinna,</span> <span class='ocrx_word' id='word_1_114' title='bbox 930 2503 1041 2566; x_wconf 77' lang='lat' dir='ltr'>valet»</span> 
     </span>
    </p>

    <p class='ocr_par' dir='ltr' id='par_1_12' title="bbox 185 2614 1032 2814">
     <span class='ocr_line' id='line_1_20' title="bbox 185 2614 1027 2698; baseline 0 -18"><span class='ocrx_word' id='word_1_115' title='bbox 185 2614 276 2680; x_wconf 84' lang='lat' dir='ltr'>Colle</span> <span class='ocrx_word' id='word_1_116' title='bbox 302 2617 361 2679; x_wconf 91' lang='lat' dir='ltr'>sub</span> <span class='ocrx_word' id='word_1_117' title='bbox 385 2617 499 2698; x_wconf 88' lang='lat' dir='ltr'>Elysio</span> <span class='ocrx_word' id='word_1_118' title='bbox 523 2619 619 2698; x_wconf 83' lang='lat' dir='ltr'>nigra</span> <span class='ocrx_word' id='word_1_119' title='bbox 642 2638 762 2680; x_wconf 90' lang='lat' dir='ltr'>nemus</span> <span class='ocrx_word' id='word_1_120' title='bbox 787 2618 861 2681; x_wconf 90' lang='lat' dir='ltr'>ilice</span> <span class='ocrx_word' id='word_1_121' title='bbox 885 2617 1027 2688; x_wconf 83' lang='lat' dir='ltr'>frondet,</span> 
     </span>
     <span class='ocr_line' id='line_1_21' title="bbox 229 2707 1032 2814; baseline 0.002 -20"><span class='ocrx_word' id='word_1_122' title='bbox 229 2730 365 2813; x_wconf 87' lang='lat' dir='ltr'>Udaque</span> <span class='ocrx_word' id='word_1_123' title='bbox 389 2737 549 2814; x_wconf 88' lang='lat' dir='ltr'>perpetuo</span> <span class='ocrx_word' id='word_1_124' title='bbox 574 2707 724 2814; x_wconf 82' lang='lat' dir='ltr'>gramine</span> <span class='ocrx_word' id='word_1_125' title='bbox 748 2737 837 2796; x_wconf 91' lang='lat' dir='ltr'>terra</span> <span class='ocrx_word' id='word_1_126' title='bbox 859 2735 962 2796; x_wconf 90' lang='lat' dir='ltr'>viret:</span> <span class='ocrx_word' id='word_1_127' title='bbox 1029 2777 1032 2786; x_wconf 84' lang='lat'><em>·</em></span> 
     </span>
    </p>

    <p class='ocr_par' dir='ltr' id='par_1_13' title="bbox 185 2846 1091 3047">
     <span class='ocr_line' id='line_1_22' title="bbox 185 2846 1091 2930; baseline 0.001 -21"><span class='ocrx_word' id='word_1_128' title='bbox 185 2846 287 2928; x_wconf 81' lang='lat' dir='ltr'>Siqua</span> <span class='ocrx_word' id='word_1_129' title='bbox 309 2847 393 2911; x_wconf 93' lang='lat' dir='ltr'>fides</span> <span class='ocrx_word' id='word_1_130' title='bbox 417 2847 537 2924; x_wconf 89' lang='lat' dir='ltr'>dubiis,</span> <span class='ocrx_word' id='word_1_131' title='bbox 564 2850 737 2912; x_wconf 89' lang='lat' dir='ltr'>volucrum</span> <span class='ocrx_word' id='word_1_132' title='bbox 761 2849 855 2912; x_wconf 90' lang='lat' dir='ltr'>locus</span> <span class='ocrx_word' id='word_1_133' title='bbox 879 2850 936 2912; x_wconf 92' lang='lat' dir='ltr'>ille</span> <span class='ocrx_word' id='word_1_134' title='bbox 960 2850 1091 2930; x_wconf 84' lang='lat' dir='ltr'>piarum</span> 
     </span>
     <span class='ocr_line' id='line_1_23' title="bbox 227 2960 997 3047; baseline 0 -20"><span class='ocrx_word' id='word_1_135' title='bbox 227 2963 365 3042; x_wconf 85' lang='lat' dir='ltr'>Dicitur,</span> <span class='ocrx_word' id='word_1_136' title='bbox 392 2965 543 3029; x_wconf 69' lang='lat' dir='ltr'>obscenae</span> <span class='ocrx_word' id='word_1_137' title='bbox 568 2960 632 3047; x_wconf 89' lang='lat' dir='ltr'>quo</span> <span class='ocrx_word' id='word_1_138' title='bbox 657 2966 877 3047; x_wconf 87' lang='lat' dir='ltr'>prohibentur</span> <span class='ocrx_word' id='word_1_139' title='bbox 902 2986 997 3039; x_wconf 88' lang='lat' dir='ltr'>aves;</span> 
     </span>
    </p>

    <p class='ocr_par' dir='ltr' id='par_1_14' title="bbox 101 3080 950 3280">
     <span class='ocr_line' id='line_1_24' title="bbox 101 3080 851 3163; baseline 0.001 -20"><span class='ocrx_word' id='word_1_140' title='bbox 101 3131 103 3135; x_wconf 59' lang='grc'>,</span> <span class='ocrx_word' id='word_1_141' title='bbox 182 3080 256 3144; x_wconf 82' lang='lat' dir='ltr'>illic</span> <span class='ocrx_word' id='word_1_142' title='bbox 280 3082 417 3145; x_wconf 90' lang='lat' dir='ltr'>innocui</span> <span class='ocrx_word' id='word_1_143' title='bbox 442 3083 509 3146; x_wconf 92' lang='lat' dir='ltr'>late</span> <span class='ocrx_word' id='word_1_144' title='bbox 534 3084 719 3163; x_wconf 91' lang='lat' dir='ltr'>pascuntur</span> <span class='ocrx_word' id='word_1_145' title='bbox 743 3084 851 3145; x_wconf 90' lang='lat' dir='ltr'>olores</span> 
     </span>
     <span class='ocr_line' id='line_1_25' title="bbox 227 3196 950 3280; baseline 0 -21"><span class='ocrx_word' id='word_1_146' title='bbox 227 3196 270 3259; x_wconf 86' lang='lat' dir='ltr'>Et</span> <span class='ocrx_word' id='word_1_147' title='bbox 292 3198 388 3260; x_wconf 88' lang='lat' dir='ltr'>vivax</span> <span class='ocrx_word' id='word_1_148' title='bbox 411 3197 557 3278; x_wconf 88' lang='lat' dir='ltr'>phoenix,</span> <span class='ocrx_word' id='word_1_149' title='bbox 583 3199 683 3261; x_wconf 87' lang='lat' dir='ltr'>unica</span> <span class='ocrx_word' id='word_1_150' title='bbox 708 3219 838 3280; x_wconf 89' lang='lat' dir='ltr'>semper</span> <span class='ocrx_word' id='word_1_151' title='bbox 862 3197 950 3272; x_wconf 85' lang='lat' dir='ltr'>avis3</span> 
     </span>
    </p>

    <p class='ocr_par' dir='ltr' id='par_1_15' title="bbox 184 3311 1018 3510">
     <span class='ocr_line' id='line_1_26' title="bbox 184 3311 957 3395; baseline 0.003 -22"><span class='ocrx_word' id='word_1_152' title='bbox 184 3311 338 3393; x_wconf 80' lang='lat' dir='ltr'>Explicat</span> <span class='ocrx_word' id='word_1_153' title='bbox 361 3313 435 3395; x_wconf 90' lang='lat' dir='ltr'>ipsa</span> <span class='ocrx_word' id='word_1_154' title='bbox 460 3334 537 3376; x_wconf 87' lang='lat' dir='ltr'>suas</span> <span class='ocrx_word' id='word_1_155' title='bbox 563 3315 633 3376; x_wconf 88' lang='lat' dir='ltr'>ales</span> <span class='ocrx_word' id='word_1_156' title='bbox 656 3315 802 3377; x_wconf 86' lang='lat' dir='ltr'>Iunonia</span> <span class='ocrx_word' id='word_1_157' title='bbox 825 3314 957 3395; x_wconf 89' lang='lat' dir='ltr'>pinnas,</span> 
     </span>
     <span class='ocr_line' id='line_1_27' title="bbox 227 3407 1018 3510; baseline 0 -21"><span class='ocrx_word' id='word_1_158' title='bbox 227 3407 348 3490; x_wconf 91' lang='lat' dir='ltr'>Oscula</span> <span class='ocrx_word' id='word_1_159' title='bbox 372 3428 427 3491; x_wconf 91' lang='lat' dir='ltr'>dat</span> <span class='ocrx_word' id='word_1_160' title='bbox 451 3428 572 3510; x_wconf 90' lang='lat' dir='ltr'>cupido</span> <span class='ocrx_word' id='word_1_161' title='bbox 597 3429 721 3492; x_wconf 90' lang='lat' dir='ltr'>blanda</span> <span class='ocrx_word' id='word_1_162' title='bbox 745 3429 1018 3510; x_wconf 55' lang='lat' dir='ltr'>columbamari.</span> 
     </span>
    </p>

    <p class='ocr_par' dir='ltr' id='par_1_16' title="bbox 181 3541 1009 3740">
     <span class='ocr_line' id='line_1_28' title="bbox 181 3541 1009 3626; baseline 0.002 -23"><span class='ocrx_word' id='word_1_163' title='bbox 181 3541 345 3608; x_wconf 84' lang='lat' dir='ltr'>Psittacus</span> <span class='ocrx_word' id='word_1_164' title='bbox 369 3545 430 3606; x_wconf 89' lang='lat' dir='ltr'>has</span> <span class='ocrx_word' id='word_1_165' title='bbox 455 3545 544 3607; x_wconf 91' lang='lat' dir='ltr'>inter</span> <span class='ocrx_word' id='word_1_166' title='bbox 567 3545 733 3607; x_wconf 88' lang='lat' dir='ltr'>nemorali</span> <span class='ocrx_word' id='word_1_167' title='bbox 757 3542 834 3606; x_wconf 87' lang='lat' dir='ltr'>sede</span> <span class='ocrx_word' id='word_1_168' title='bbox 858 3548 1009 3626; x_wconf 89' lang='lat' dir='ltr'>receptus</span> 
     </span>
     <span class='ocr_line' id='line_1_29' title="bbox 227 3655 947 3740; baseline 0.004 -20"><span class='ocrx_word' id='word_1_169' title='bbox 227 3655 397 3721; x_wconf 85' lang='lat' dir='ltr'>Convertit</span> <span class='ocrx_word' id='word_1_170' title='bbox 421 3661 572 3722; x_wconf 89' lang='lat' dir='ltr'>volucres</span> <span class='ocrx_word' id='word_1_171' title='bbox 598 3659 633 3722; x_wconf 93' lang='lat' dir='ltr'>in</span> <span class='ocrx_word' id='word_1_172' title='bbox 657 3680 718 3723; x_wconf 89' lang='lat' dir='ltr'>sua</span> <span class='ocrx_word' id='word_1_173' title='bbox 740 3659 841 3722; x_wconf 89' lang='lat' dir='ltr'>verba</span> <span class='ocrx_word' id='word_1_174' title='bbox 864 3660 947 3740; x_wconf 80' lang='lat' dir='ltr'>pias</span> 
     </span>
    </p>

    <p class='ocr_par' dir='ltr' id='par_1_17' title="bbox 182 3760 1218 3972">
     <span class='ocr_line' id='line_1_30' title="bbox 182 3760 1103 3856; baseline 0.002 -22"><span class='ocrx_word' id='word_1_175' title='bbox 182 3769 265 3835; x_wconf 89' lang='lat' dir='ltr'>Ossa</span> <span class='ocrx_word' id='word_1_176' title='bbox 280 3773 363 3854; x_wconf 83' lang='lat' dir='ltr'>tegit</span> <span class='ocrx_word' id='word_1_177' title='bbox 378 3775 536 3851; x_wconf 86' lang='lat' dir='ltr'>tumulus,</span> <span class='ocrx_word' id='word_1_178' title='bbox 555 3775 705 3838; x_wconf 87' lang='lat' dir='ltr'>tumulus</span> <span class='ocrx_word' id='word_1_179' title='bbox 722 3795 781 3856; x_wconf 91' lang='lat' dir='ltr'>pro</span> <span class='ocrx_word' id='word_1_180' title='bbox 799 3760 935 3855; x_wconf 90' lang='lat' dir='ltr'>corpore</span> <span class='ocrx_word' id='word_1_181' title='bbox 952 3795 1103 3855; x_wconf 80' lang='lat' dir='ltr'>magnus,</span> 
     </span>
     <span class='ocr_line' id='line_1_31' title="bbox 227 3887 1218 3972; baseline 0.006 -24"><span class='ocrx_word' id='word_1_182' title='bbox 227 3887 299 3966; x_wconf 83' lang='lat' dir='ltr'>Quo</span> <span class='ocrx_word' id='word_1_183' title='bbox 323 3888 410 3969; x_wconf 88' lang='lat' dir='ltr'>lapis</span> <span class='ocrx_word' id='word_1_184' title='bbox 436 3889 573 3970; x_wconf 82' lang='lat' dir='ltr'>exiguus</span> <span class='ocrx_word' id='word_1_185' title='bbox 597 3911 658 3972; x_wconf 91' lang='lat' dir='ltr'>par</span> <span class='ocrx_word' id='word_1_186' title='bbox 683 3890 747 3952; x_wconf 86' lang='lat' dir='ltr'>sibi</span> <span class='ocrx_word' id='word_1_187' title='bbox 771 3910 905 3954; x_wconf 87' lang='lat' dir='ltr'>carmen</span> <span class='ocrx_word' id='word_1_188' title='bbox 930 3891 1048 3953; x_wconf 87' lang='lat' dir='ltr'>habet:</span> <span class='ocrx_word' id='word_1_189' title='bbox 1188 3917 1218 3954; x_wconf 82' lang='lat' dir='ltr'>co</span> 
     </span>
    </p>

    <p class='ocr_par' dir='ltr' id='par_1_18' title="bbox 185 3987 1063 4202">
     <span class='ocr_line' id='line_1_32' title="bbox 185 3987 1063 4087; baseline 0.005 -25"><span class='ocrx_word' id='word_1_190' title='bbox 185 3999 351 4084; x_wconf 82' lang='lat' dir='ltr'>cOolligor</span> <span class='ocrx_word' id='word_1_191' title='bbox 374 4024 413 4066; x_wconf 89' lang='lat' dir='ltr'>ex</span> <span class='ocrx_word' id='word_1_192' title='bbox 436 4005 510 4085; x_wconf 92' lang='lat' dir='ltr'>ipso</span> <span class='ocrx_word' id='word_1_193' title='bbox 537 3987 678 4067; x_wconf 82' lang='lat' dir='ltr'>dominae</span> <span class='ocrx_word' id='word_1_194' title='bbox 702 4006 868 4086; x_wconf 88' lang='lat' dir='ltr'>placuisse</span> <span class='ocrx_word' id='word_1_195' title='bbox 894 4006 1044 4087; x_wconf 86' lang='lat' dir='ltr'>sepulcro</span> <span class='ocrx_word' id='word_1_196' title='bbox 1057 4029 1063 4080; x_wconf 91' lang='lat'>;</span> 
     </span>
     <span class='ocr_line' id='line_1_33' title="bbox 226 4116 968 4202; baseline 0.003 -22"><span class='ocrx_word' id='word_1_197' title='bbox 226 4116 291 4181; x_wconf 93' lang='lat' dir='ltr'>Ora</span> <span class='ocrx_word' id='word_1_198' title='bbox 316 4120 407 4182; x_wconf 87' lang='lat' dir='ltr'>fuere</span> <span class='ocrx_word' id='word_1_199' title='bbox 431 4120 516 4183; x_wconf 90' lang='lat' dir='ltr'>mihi</span> <span class='ocrx_word' id='word_1_200' title='bbox 540 4121 616 4201; x_wconf 90' lang='lat' dir='ltr'>plus</span> <span class='ocrx_word' id='word_1_201' title='bbox 642 4141 700 4183; x_wconf 90' lang='lat' dir='ltr'>ave</span> <span class='ocrx_word' id='word_1_202' title='bbox 725 4121 822 4183; x_wconf 90' lang='lat' dir='ltr'>docta</span> <span class='ocrx_word' id='word_1_203' title='bbox 845 4120 968 4202; x_wconf 89' lang='lat' dir='ltr'>loqui.»</span> 
     </span>
    </p>
   </div>
   <div class='ocr_carea' id='block_1_5' title="bbox 0 0 1452 4754">
    <p class='ocr_par' dir='ltr' id='par_1_19' title="bbox 0 0 1452 4754">
     <span class='ocr_line' id='line_1_34' title="bbox 0 0 1452 4754; baseline 0 0"><span class='ocrx_word' id='word_1_204' title='bbox 0 0 1452 4754; x_wconf 95' lang='lat' dir='ltr'> </span> 
     </span>
    </p>
   </div>
  </div>
 </body>
</html>
