2896 4754
159 356 230 438 100·
600 379 641 420 au
658 379 680 421 1.
700 376 723 435 1,
742 377 830 423 9-20.

159 550 216 609 dea
239 551 287 627 (cf.
312 551 364 611 Ov.
387 551 470 610 Fast.
494 553 545 611 VI.
579 552 659 628 652.)
691 555 722 611 et
753 552 890 612 crinibus
912 554 1045 610 maxime
1071 552 1293 628 superbiebat;

159 656 195 715 ef.
219 655 301 715 Serv.
326 658 365 716 ad
386 658 475 733 Verg.
499 658 575 716 Aen.
599 658 650 717 VI.
676 659 752 717 289:
788 658 933 717 «Medusa
955 661 1056 718 erecta
1077 658 1185 719 favore
1206 659 1291 737 Nep·

157 764 229 821 tuni
250 783 323 822 ausa
355 768 402 822 est
431 767 530 823 crines
562 783 633 823 suos
663 763 811 822 Minervae
843 765 963 840 capillis
994 765 1148 840 praeferre,
1173 784 1236 842 qua
1257 785 1294 826 re

158 867 321 944 indignata
342 870 399 928 dea
420 872 520 929 crines
544 873 608 929 eius
629 873 664 929 in
687 872 845 946 serpentes
872 872 991 929 vertit.»
1015 904 1055 912 -
1082 871 1217 931 Ventilet
1239 892 1295 932 ac-

159 996 265 1038 census
286 979 369 1055 flacc
391 978 533 1038 Minerua
554 982 645 1055 foces,
670 998 706 1037 ex
737 979 827 1053 Prop.
860 978 912 1038 IV.
946 979 972 1048 3,
1002 980 1061 1037 250:
1098 980 1208 1039 «Hanc
1231 981 1293 1040 Ve-

159 1101 226 1152 nus,
249 1085 283 1142 ut
303 1085 394 1151 vivat,
417 1083 547 1142 ventilat
568 1085 637 1159 ipsa
658 1083 785 1153 facem»,
809 1083 861 1142 ubi
884 1086 993 1158 agitur,
1011 1087 1046 1143 ut
1067 1083 1126 1145 hoe
1149 1085 1229 1154 loeo,
1254 1085 1295 1146 de

159 1188 225 1248 face
247 1168 370 1250 amoris
392 1190 458 1249 Fax
479 1189 569 1264 vulgo
592 1188 739 1265 Cupidini
760 1189 915 1261 tribuitur,
932 1191 985 1250 sed
1001 1191 1128 1252 Ovidius
1144 1193 1295 1252 hocloco

159 1296 356 1374 Propertium
377 1299 517 1356 imitatus
537 1296 652 1356 Veneri
674 1316 743 1356 eam
766 1298 826 1356 dat.

214 1405 250 1463 V.
273 1405 380 1463 o-m
404 1407 440 1464 iu
461 1406 545 1464 silvie
560 1451 566 1464 .
584 1450 613 1463 ..
637 1399 763 1482 tapecia,
787 1406 806 1463 i.
830 1425 854 1464 e.
878 1406 1056 1476 montanis;
1079 1405 1115 1465 cf.
1141 1405 1196 1466 Ov.
1213 1407 1294 1468 Her.

160 1513 189 1582 t,
212 1514 270 1572 86:
298 1513 359 1571 «Tu
380 1513 472 1571 modo
505 1513 651 1570 duritiam
680 1513 764 1570 silvis
779 1512 917 1588 .depone
947 1514 1091 1587 iugosis».
1114 1547 1155 1556 —
1172 1515 1297 1589 phare·

161 1627 263 1678 tectae
293 1621 434 1694 ciminia,
466 1620 585 1678 Dianae.
617 1653 657 1661 —
691 1617 839 1678 Crinibus
864 1621 1091 1695 inciperem...
1113 1619 1292 1693 Phoebum,

161 1727 196 1784 ut
217 1727 312 1784 etiam
343 1727 502 1795 Bacchus:
534 1726 570 1784 ef.
603 1726 667 1786 Tib.
699 1726 723 1783 Ι.
755 1726 782 1795 t,
816 1726 955 1785 37-38:
983 1725 1080 1786 «Solis
1102 1729 1226 1786 :eterna
1245 1731 1298 1788 est

162 1831 285 1891 Baccho
307 1831 486 1906 Phoeboque
508 1834 668 1891 iuventas:
689 1833 769 1890 Nam
785 1833 872 1891 decet
887 1835 1032 1891 intonsus
1053 1833 1148 1891 crinis
1170 1835 1294 1892 utrum-

164 1956 222 2014 que
245 1938 352 1996 deum»
379 1942 410 1997 et
431 1938 483 1996 IV.
506 1938 533 2008 t,
557 1938 595 1996 7:
632 1940 774 1996 «intonsa
803 1937 918 1998 Phoebe
951 1938 1080 2015 superbe
1109 1957 1232 1999 ooma».
1256 1974 1297 1982 —-

164 2051 259 2103 acuto
281 2047 417 2121 cuspide,
438 2047 536 2102 telum
558 2044 653 2103 Marti
674 2047 852 2120 proprium;
876 2045 912 2104 cf.
936 2044 990 2104 Ov.
1013 2045 1095 2104 Fast.
1112 2045 1167 2104 Hp
1194 2045 1296 2105 1-22

167 2152 307 2221 «Bellica
330 2152 479 2227 depositis
504 2153 602 2227 clipeo
631 2153 787 2228 paulisper
818 2156 847 2211 et
869 2155 968 2222 hasta,
999 2153 1091 2221 Mers,
1119 2153 1230 2211 'adesa
1255 2187 1295 2198 -

164 2259 301 2317 Acutum
316 2305 322 2317 .
340 2305 369 2317 ..
395 2261 505 2332 tyram,
528 2277 565 2316 ex
587 2258 678 2333 Prop.
699 2259 722 2316 I.
746 2259 773 2328 7,
797 2259 852 2317 78:
880 2240 1091 2334 «Aoniamque
1105 2257 1208 2318 libens
1224 2261 1295 2320 Oel-

164 2366 266 2440 liopea
295 2365 422 2439 lyram».
455 2365 557 2423 Aonia
589 2368 636 2423 est
666 2366 750 2439 regio
781 2366 899 2437 montis
927 2365 1096 2433 Heliconis,
1120 2363 1201 2422 sedis
1223 2366 1297 2426 Mu-

166 2489 277 2530 sarum.

218 2578 253 2637 V.
279 2577 404 2636 15—20.
427 2576 596 2635 Heliconia
627 2584 736 2653 tempe,
766 2576 856 2634 vallis
879 2575 934 2634 sub
956 2578 1063 2635 monte
1083 2576 1238 2636 Helicone
1259 2579 1297 2640 in

164 2686 293 2746 Boeotia.
322 2683 431 2759 Tempe
452 2686 581 2742 vocatur
601 2684 727 2758 proprie
757 2682 846 2742 vallis
873 2683 977 2752 Penei,
1000 2682 1086 2741 fluvii
1111 2682 1296 2756 Thessaliae,

165 2793 343 2850 amoenitate
364 2791 544 2858 clarissima,
578 2789 630 2846 sed
661 2808 777 2848 nomen
798 2791 984 2849 transfertur
1006 2789 1044 2848 ad
1067 2809 1296 2867 quamcumque

163 2901 276 2959 vallem
307 2912 471 2965 amoenam,
503 2899 537 2955 ut
567 2895 621 2955 Ov.
652 2897 735 2955 Fast.
767 2897 818 2955 IV.
850 2899 928 2956 477:
964 2897 1086 2956 «Eloria
1116 2900 1238 2973 tempe»
1263 2901 1299 2959 et

163 3007 236 3066 Met.
260 3005 326 3065 VH.
350 3004 429 3063 371:
456 3003 608 3077 «Cycneia
628 3006 760 3078 tempe».
784 3037 824 3043 —
844 3006 991 3076 aeaeae,
1012 3005 1138 3079 incepit,
1154 3007 1189 3062 ut
1210 3005 1297 3065 infru

163 3133 207 3174 vs.
229 3113 288 3171 77:
314 3109 390 3171 «Sex
412 3111 491 3168 mihi
514 3113 618 3184 surgat
633 3129 711 3185 opus
733 3111 899 3170 numeris».
923 3145 962 3153 -
983 3130 1066 3170 noca
1075 3113 1212 3187 popina,
1228 3131 1296 3172 car·

165 3237 247 3286 men,
278 3220 312 3276 ut
342 3218 431 3292 Verg.
463 3217 526 3277 Ecl.
559 3219 586 3286 6,
614 3216 751 3275 11-1a:
777 3236 850 3276 »nec
872 3217 990 3276 Phoebo
1012 3219 1130 3300 gratior
1150 3219 1215 3277 ullu
1236 3223 1294 3289 est,

166 3325 262 3397 Quam
287 3324 345 3383 sibi
368 3344 434 3400 quae
457 3325 531 3383 Vari
552 3324 743 3399 praesoripsit
764 3324 878 3398 pagina
911 3315 1056 3382 nomen».
1079 3357 1119 3366 -
1140 3325 1297 3384 Attenuat

165 3450 276 3491 nervos
293 3434 462 3506 proximus
485 3430 534 3489 itte
556 3449 648 3499 meos,
672 3448 712 3487 so.
735 3431 938 3504 pentameter,
962 3431 1014 3506 qui
1036 3449 1054 3488 a
1074 3431 1174 3506 poetis
1199 3432 1296 3490 eroti-

166 3527 338 3597 ois'versus
359 3538 462 3595 mollis
484 3539 629 3608 vocatur:
652 3540 699 3595 est
720 3534 984 3596 enim'distiohon
1006 3537 1174 3610 elegiacum
1205 3555 1298 3612 argu·

165 3645 280 3704 mentis
302 3645 463 3703 amatoriis
486 3646 693 3721 aptissimum.
710 3645 754 3705 cf.
771 3646 1037 3704 Hermesianactis
1058 3662 1165 3703 versus
1187 3643 1295 3721 (aput

77 3738 79 3742 ⁵
166 3752 278 3812 Athen.
301 3751 384 3811 xm.
407 3771 435 3827 p.
459 3753 526 3812 597.
549 3752 587 3830 F)
610 3752 646 3810 de
677 3752 865 3812 Mimnermo
896 3752 1085 3828 pentametri
1110 3753 1297 3812 inventore:

167 3858 221 3918 τὸν
242 3855 320 3941 ἡδὺν
341 3855 376 3925 ὃς
398 3856 511 3939 εὕρετο
534 3857 651 3920 πολλὸν
672 3853 807 3926 ἀνατλὰς
824 3844 925 3940 Ἠχον
944 3859 996 3920 καὶ
1021 3857 1163 3940 μαλακοῦ
1184 3850 1300 3938 πνεῦμ’

168 3958 232 4026 ἀπὸ
253 3962 490 4044 πενταμέτραυ;
509 3966 600 4041 Prop.
623 3966 646 4024 I.
671 3967 698 4036 7,
722 3967 778 4026 19:
804 3967 861 4025 «Et
890 3966 1005 4025 frustra
1035 3967 1140 4041 cupies
1167 3965 1297 4024 mollem

168 4091 354 4149 componere
376 4092 517 4132 versum»
547 4075 577 4131 et
597 4074 637 4132 H.
664 4075 689 4146 1,
712 4075 747 4133 7:
774 4073 880 4133 «Unde
901 4092 988 4132 meus
1010 4074 1116 4132 veniat
1133 4071 1240 4131 mollis
1260 4072 1300 4134 in

168 4196 223 4236 ora
241 4177 346 4236 liber».
370 4213 410 4220 —
432 4180 574 4238 numeris
597 4180 773 4251 levioribcn,
796 4179 939 4239 distichis
955 4180 1115 4252 elegiacis3
1132 4195 1298 4253 opponun-
