2896 4754
530 353 572 395 ln
587 353 637 395 111.
655 349 681 406 3,
700 349 806 395 33-33.
1179 331 1231 383 257

103 546 142 584 ex
163 529 250 587 omni
270 545 401 585 numero
422 527 456 583 in
478 527 616 584 amicitia
638 528 705 585 eius
727 528 780 602 (sc.
803 525 977 602 Octaviani)
1009 525 1116 585 afflicti
1134 498 1230 602 srope-

51 642 58 651 ·
101 635 227 693 riuntur
246 637 359 710 praeter
381 632 593 692 Salvidienum
615 632 737 703 Rufum,
755 652 846 708 quem
861 632 901 691 ad
916 634 1109 691 consulatum
1128 653 1230 709 usque,

102 743 133 798 et
157 738 335 799 Cornelium
358 739 490 810 Gallum,
515 759 605 815 quem
627 741 666 799 ad
685 741 901 816 prefecturam
914 740 1055 817 Aegypti,
1072 760 1109 798 ex
1123 741 1231 800 infima
1301 785 1302 788 η

100 848 268 920 utrumque
289 846 414 905 fortuna
435 850 625 922 provexerat.
649 846 786 917 Quorum
808 848 939 905 alterum
961 865 1010 904 res
1040 865 1136 905 novas
1166 866 1229 904 mo·

99 951 231 1010 lientem
262 953 475 1012 damnandum
504 955 626 1013 senatui
656 953 794 1024 tradidit,
825 955 915 1012 alteri
946 954 983 1012 ob
1014 954 1169 1027 ingratum
1200 957 1231 1012 et

101 1059 282 1119 malivolum
318 1063 457 1120 animum
494 1061 585 1120 domo
617 1066 648 1121 et
677 1063 843 1136 provinciis
875 1063 938 1119 suis
967 1059 1138 1119 interdixit.
1172 1059 1231 1120 Sed

101 1166 192 1225 Gallo
215 1185 334 1243 quoque
357 1171 388 1226 et
408 1173 621 1229 accusatorum
643 1167 932 1227 denuntiationibus
954 1170 984 1225 et
1006 1170 1130 1225 senatus
1159 1186 1230 1225 con·

102 1272 191 1332 sultis
214 1274 252 1332 ad
274 1294 382 1334 necem
404 1276 571 1351 compulso,
592 1277 731 1334 laudavit
754 1274 877 1350 quidem
899 1276 1047 1350 pietatem
1069 1255 1230 1348 tantopere

102 1399 158 1455 pro
181 1399 212 1438 se
234 1382 476 1455 indignantium,
507 1385 643 1441 ceterum
666 1385 696 1440 et
717 1382 925 1441 inlacrimauit
955 1384 985 1439 et
1014 1382 1111 1439 vicem
1143 1399 1229 1438 suam

103 1489 288 1562 conquestus
311 1491 365 1556 est,
389 1489 471 1563 quod
493 1488 552 1546 sibi
575 1487 632 1545 soli
654 1506 719 1545 non
739 1488 846 1545 liceret
868 1488 985 1556 amicis,
1002 1490 1154 1562 quatenus
1167 1489 1230 1545 vel·

103 1596 152 1662 let,
184 1596 301 1653 irasci.»
328 1631 332 1634 »
364 1597 507 1654 3111111113
532 1597 665 1671 prodigae
680 1641 686 1653 .
704 1641 710 1653 .
728 1641 733 1653 .
751 1601 822 1666 tace,
846 1613 883 1652 ex
904 1596 980 1654 Hor.
1011 1593 1112 1654 Oarm.
1133 1595 1158 1653 I.
1183 1595 1229 1663 1⁶2,

102 1701 158 1761 37:
186 1703 374 1777 «animaque
396 1721 518 1776 magna
539 1702 707 1776 Prodigum
728 1702 896 1760 Paullum.»
922 1733 963 1743 -
988 1701 1085 1772 Galle,
1108 1686 1228 1768 Calvus}

103 1807 240 1866 Catillus
263 1811 293 1866 et
316 1807 422 1867 Gallus
444 1810 591 1869 hocloco
613 1812 906 1880 commemorantur,
938 1812 1147 1867 antecessores
1179 1810 1227 1868 Ti-

103 1912 178 1972 bulli
197 1915 233 1972 in
253 1917 340 1989 poesi
363 1916 495 1986 erotica;
518 1915 643 1974 eosdem
665 1918 828 1974 enumerat
849 1916 938 1992 Prop.
961 1917 1001 1974 II.
1026 1917 1072 1984 34,
1090 1916 1145 1974 87-
1170 1917 1227 1986 93,

100 2021 136 2077 ut
157 2023 366 2080 antecessores
389 2041 469 2090 suos,
493 2041 585 2098 quem
607 2026 709 2080 locum
730 2022 860 2082 Ovidius
882 2025 1026 2098 respexit.

155 2128 191 2188 V.
224 2130 352 2190 65-68.
385 2133 507 2206 siquast
537 2135 629 2191 modo
662 2135 799 2207 corporis
834 2133 957 2203 electra,
991 2129 1027 2187 cf.
1061 2148 1153 2204 supra
1184 2147 1227 2187 vs.

101 2236 229 2294 59--60,
312 2256 459 2296 1113113133
474 2285 480 2296 .
497 2285 503 2297 ,
521 2239 620 2313 „pica
642 2258 806 2297 numerum
837 2239 960 2314 piorum
989 2239 1023 2294 in
1052 2235 1167 2310 Elysio.
1189 2270 1229 2276 ——

100 2345 181 2402 calte
206 2343 335 2405 Tibulle.
357 2347 392 2401 ut
415 2364 508 2420 supra
528 2347 552 2405 l.
580 2346 624 2414 15,
648 2346 705 2415 38,
728 2345 780 2404 ubi
802 2346 838 2404 cl.
863 2345 932 2404 adn.
956 2379 996 2386 —
1020 2345 1096 2404 Ossa
1110 2345 1227 2420 quieto.

94 2469 217 2526 precor,
231 2458 300 2510 tata
320 2454 504 2527 requiescite
526 2455 562 2511 ia
582 2471 678 2522 carna,
701 2453 740 2510 Et
760 2455 800 2511 sit
822 2454 939 2511 1111111113
954 2453 1053 2511 ciceri
1068 2471 1134 2510 aaa
1155 2471 1227 2510 oae-

98 2577 171 2616 rosa
201 2566 264 2630 tue,
296 2559 406 2618 alludit
436 2560 474 2619 ad
504 2560 569 2618 Tib.
590 2561 630 2619 Π.
654 2561 680 2629 l,
704 2561 775 2618 lam
786 2562 841 2619 50:
869 2561 983 2618 «bene.
1001 2559 1227 2634 ..placideque

99 2665 238 2739 quiescas
260 2666 415 2740 Terraque
437 2684 551 2724 securae
574 2667 615 2723 sit
636 2685 729 2740 super
750 2686 819 2724 ossa
839 2667 941 2724 levis.»
962 2700 1000 2708 —
1016 2672 1085 2724 tato
1106 2668 1227 2741 requie·

97 2773 173 2830 scite
193 2772 230 2830 ia
251 2791 345 2845 carno,
369 2773 479 2831 alludit
501 2773 539 2830 ad
560 2772 625 2832 Tib.
648 2772 672 2832 I.
698 2775 721 2842 1,
745 2774 883 2833 43—442
909 2776 1022 2832 «Parva
1044 2791 1129 2846 seges
1152 2761 1227 2830 satis

97 2879 154 2946 est,
177 2879 266 2936 tuto*
287 2878 479 2953 requiescere
500 2882 580 2938 lecto
603 2879 636 2938 Si
657 2880 755 2938 licet.»
781 2881 855 2940 Vult
877 2883 961 2938 enim
983 2881 1102 2939 dicere:
1123 2878 1225 2943 Tibul·

97 2986 155 3055 lus,
179 2985 252 3042 dum
274 2986 359 3055 vixit,
382 2988 417 3044 in
439 2990 505 3046 tuto
527 2988 607 3046 lecto
636 2989 827 3063 requiescere
857 2990 970 3056 voluit;
1002 3004 1092 3050 nunc.
1117 2987 1225 3043 saltem

97 3093 237 3149 mortuus
258 3096 431 3167 requiescat
452 3097 485 3151 in
507 3097 573 3153 tuta
594 3115 682 3154 urna.

642 3404 680 3462 X.

480 3549 556 3611 Lib.
580 3551 651 3610 III.
673 3551 758 3627 cth.
780 3550 843 3612 10.

149 3730 308 3790 Invectiva
329 3735 362 3791 in
386 3734 538 3803 Cererem,
562 3734 643 3810 quod
665 3735 743 3793 festo
766 3756 820 3794 suo
841 3736 954 3810 gaudia
983 3737 1112 3795 Veneris
1142 3739 1224 3796 inhi-

96 3837 177 3898 beat.
198 3838 315 3898 Auctor
336 3843 383 3898 est
403 3841 492 3916 Prop.
517 3843 558 3900 Π.
581 3842 629 3912 33,
656 3843 770 3914 1—10.,
792 3843 842 3902 ubi
873 3844 980 3901 eadem
1011 3845 1048 3902 de
1079 3863 1170 3902 causa
1190 3847 1225 3903 in

94 3944 212 4003 Isidem
233 3947 401 4008 invehitur.

110 4213 114 4218 .
149 4171 165 4204 *
185 4169 297 4221 Locum
316 4164 358 4222 ita
377 4164 530 4218 emendavi
549 4168 579 4219 in
600 4163 724 4218 editione
744 4181 810 4217 mea
827 4165 993 4219 Tibulliana
1005 4185 1033 4235 p.
1049 4165 1109 4218 136.
1122 4167 1149 4218 et
1163 4164 1223 4219 307.

149 4275 285 4327 Ne'memy:
300 4277 328 4317 P.
345 4275 424 4318 Ovidii
438 4275 548 4318 Nasonis
562 4277 672 4318 Amores.
1084 4275 1115 4328 17
