2896 4754
354 289 421 361 AD
450 289 645 363 LIBRUM
675 288 963 363 SECUNDUM.

644 604 669 662 r.

498 749 575 810 nar.
598 749 648 808 Π.
671 749 756 826 aaa.
779 749 813 809 r.

149 933 299 1007 Prologus
325 934 398 992 libri
418 933 562 993 secundi:
593 938 685 1009 poeta
715 937 829 1002 narrat,
861 954 914 992 our
945 936 1059 994 omisso
1082 935 1218 995 carmine

102 1041 186 1114 epioo
210 1041 322 1114 elegias
344 1042 509 1099 amatorias
532 1040 652 1098 scribat.
673 1040 789 1099 Auctor
811 1044 857 1099 est
877 1042 966 1117 Prop.
990 1043 1015 1100 Ι.
1037 1043 1064 1111 9,
1083 1043 1142 1100 11--
1165 1043 1217 1101 14ε

240 1163 308 1216 Plus
326 1165 357 1216 in
377 1181 474 1216 amore
494 1165 569 1216 valet
589 1165 758 1218 Mimnermi
777 1182 878 1218 versus
897 1166 1044 1219 Homero:

275 1254 410 1306 Carmina
429 1257 599 1306 mansuetus
618 1254 695 1307 lenia
715 1256 817 1322 quaerit
835 1255 933 1307 Amor.

239 1340 254 1392 I
274 1357 370 1407 quaeso
390 1343 417 1392 et
437 1341 536 1392 tristes
555 1339 627 1391 istos
647 1356 787 1408 compone
807 1340 921 1394 libellos

274 1430 310 1480 Et
330 1446 408 1490 eane,
428 1429 504 1496 quod
524 1430 632 1496 quaevis
651 1445 736 1482 nosse
755 1430 854 1497 puella
873 1431 951 1482 velit.

98 1573 146 1631 Ex
166 1572 226 1631 hae
248 1574 402 1631 sententia
422 1572 494 1631 lecit
517 1572 643 1631 Ovidius
665 1574 794 1647 elegiam
816 1577 922 1632 totam.
944 1573 1092 1648 Respexit
1112 1576 1220 1648 praete-

94 1697 149 1736 rea
170 1677 235 1736 Tib.
256 1679 297 1737 H.
320 1680 347 1746 l,
374 1680 409 1738 15
431 1680 507 1739 --20:

241 1812 286 1865 Ite
304 1812 406 1881 procul
424 1813 524 1875 Musae,
544 1814 568 1865 si
587 1830 645 1864 non
665 1814 808 1880 prodestis
828 1811 956 1864 amanti:

274 1902 340 1954 Non
360 1918 412 1969 ego
431 1918 492 1965 vos,
511 1906 543 1953 ut
564 1903 621 1954 sint
642 1902 717 1954 bella
736 1901 874 1964 canenda,
894 1901 966 1963 cole,

240 1992 297 2043 Nee
317 1989 409 2043 refero
429 1991 554 2057 solisque
573 1992 635 2043 vias
655 1994 683 2043 et
702 1991 805 2058 qualis,
825 1990 874 2042 ubi
894 1991 992 2043 orbem

276 2079 444 2149 Compluvii,
464 2081 556 2132 versis
575 2081 645 2133 luna
663 2080 786 2132 recurrit
806 2081 895 2146 equis.

240 2168 283 2220 Ad
303 2168 451 2221 dominam
470 2170 568 2221 faciles
589 2171 684 2223 aditus
703 2187 755 2238 per
774 2171 904 2223 earmina
923 2188 1034 2237 quaeroz

275 2258 319 2309 Ite
339 2260 448 2325 procul,
468 2261 566 2322 Musae,
587 2260 611 2311 si
631 2260 706 2312 nihil
724 2261 782 2313 istu
800 2261 905 2313 valent.

150 2505 185 2564 V.
212 2506 295 2564 1-4.
320 2507 468 2583 Poelipais
489 2515 584 2566 leutius
606 2508 740 2583 aquosis
765 2506 911 2566 Sulmone
933 2506 966 2563 in
987 2507 1150 2580 Paelignis3
1182 2507 1218 2564 of.

95 2612 179 2670 infra
199 2613 239 2671 ΙΙ.
266 2614 311 2683 16,
336 2615 430 2674 1-22
457 2615 547 2673 «Pars
568 2634 618 2673 me
633 2614 737 2675 Sulmo
759 2617 845 2672 tenet
869 2612 997 2688 Paeligni
1018 2616 1110 2672 tertia
1130 2615 1219 2685 ruris,

95 2719 202 2788 Parva,
235 2720 289 2778 sed
319 2723 449 2781 assiduis
480 2743 534 2782 ora
564 2722 693 2781 salubris
723 2723 828 2798 aquis»
855 2725 885 2779 et
916 2721 973 2779 ΠΙ.
1010 2722 1054 2792 15,
1086 2721 1219 2780 liuta:

101 2825 274 2885 «Sulmonis
296 2831 403 2903 aquosi
417 2830 558 2886 Moenia.»
578 2865 588 2869 ·-
600 2864 617 2869 —
631 2810 765 2905 apotesia,
781 2831 872 2903 aquis
894 2827 1064 2896 abundans,
1082 2830 1116 2885 ut
1130 2827 1219 2902 Prop.

96 2933 149 2992 IV.
173 2935 199 3003 8,
225 2935 259 2993 1:
285 2934 455 3010 «Esquilias
477 2955 632 3011 aquosas.»
710 2938 879 3012 armatior.
894 2982 920 2994 ..
940 2943 1035 3011 poeto
1056 2953 1143 3007 orere,
1166 2954 1223 2992 ne-

99 3041 196 3116 quitia
226 3045 272 3100 est
294 3045 393 3101 amori
421 3045 534 3114 vivere,
565 3047 598 3102 ut
619 3047 717 3118 poetae
740 3044 847 3101 erotiei
876 3045 993 3114 solent;
1026 3040 1153 3100 Ovidius
1175 3061 1220 3100 re·

98 3149 197 3223 spexit
217 3149 307 3226 Prop.
331 3151 354 3219 I,
378 3152 406 3221 6,
427 3151 563 3210 lov-226:
590 3152 655 3209 «Me
678 3153 753 3219 sine,
786 3170 877 3226 quem
899 3169 1021 3225 semper
1041 3150 1140 3208 voluit
1160 3149 1191 3208 fo
1211 3182 1220 3191 ·

97 3257 175 3312 tuna
194 3256 301 3324 iacere,
333 3257 424 3314 Hane
455 3258 592 3315 animam
622 3260 766 3316 extremae
788 3256 915 3315 reddere
940 3256 1103 3332 nequitiael
1130 3258 1160 3313 et
1180 3255 1218 3312 H.

98 3359 144 3428 al,
168 3362 204 3421 6:
230 3362 316 3420 «Non
336 3380 391 3435 ego
413 3364 558 3438 nequitiae
581 3362 700 3421 dicerer
721 3381 786 3421 esse
808 3363 925 3436 eaput.»
1002 3363 1116 3438 procul
1137 3363 1220 3434 lituo,

94 3468 207 3542 procul
228 3475 297 3539 este,
328 3472 432 3541 severi,
464 3489 501 3528 ex
522 3470 611 3543 Verg‚
643 3469 719 3528 Aen.
741 3469 794 3529 VI.
818 3469 895 3527 258:
923 3469 1046 3543 «procul
1077 3471 1222 3543 oprooul
