2896 4754
160 309 210 360 148
585 332 625 372 ao
641 331 663 372 1.
684 327 724 377 13.
747 328 853 373 ar--ra

158 505 250 572 corbi,
274 503 292 562 i.
309 524 333 561 c.
356 503 441 560 verbi
462 506 597 578 spondeo
609 523 619 573 ,·
643 506 708 560 erat
731 503 814 560 enim
836 504 1013 578 sponsionis
1034 504 1183 563 formula:
1205 501 1288 575 “Ego

158 611 240 669 idem
264 611 335 668 dare
358 609 520 686 spondeo»

212 718 247 776 V.
273 718 397 785 bl-bt.
423 717 486 775 Ner
509 724 542 775 tu
565 719 703 775 cons-ulto
721 736 776 774 acc
792 724 826 774 tro
841 719 985 776 iacienda
1007 721 1129 787 diserto,
1155 737 1192 776 ex
1208 719 1287 776 Hor.

159 825 221 885 Sat.
250 826 273 883 I.
307 826 329 894 l,
363 825 476 883 9-10:
512 823 703 896 «Agricolam
728 821 833 881 laudat
861 822 938 880 iuris
965 823 1127 898 legumque
1155 826 1288 898 peritus,

160 932 220 991 Sub
253 934 325 1006 galli
357 934 482 990 cantum
510 933 667 990 consultor
698 931 750 989 ubi
785 929 863 988 ostia
899 930 1025 1005 pulsata
1132 931 1288 1004 ‹torrsrclta

159 1039 385 1107 iurisconsulto,
419 1040 470 1112 qui
492 1057 583 1096 mane
615 1038 699 1097 domi
727 1038 890 1097 clientibus
912 1037 1087 1112 respondet,
1118 1040 1137 1096 i.
1161 1057 1186 1096 e.
1212 1056 1289 1097 con-

159 1149 229 1205 silia
249 1148 288 1205 iis
309 1145 362 1204 dat
384 1146 420 1203 de
442 1144 532 1203 rebus
554 1144 593 1202 ad
613 1147 682 1202 iura
703 1145 941 1219 pertinentibus
966 1143 1009 1202 Of.
1034 1144 1094 1204 Cio.
1117 1145 1242 1204 Muren.
1260 1150 1288 1218 9,

160 1255 217 1314 Il:
244 1255 367 1328 «vigilas
389 1256 422 1310 tu
445 1252 481 1310 de
503 1255 601 1319 nocte,
626 1255 659 1310 ut
681 1254 741 1311 tuis
763 1250 989 1311 consultoribus
1013 1252 1229 1327 respondeas.»
1251 1289 1290 1294 ..-

160 1363 282 1431 diserto,
305 1358 468 1428 causidico,
498 1361 550 1434 qui
571 1379 663 1417 mane
695 1379 802 1418 causas
824 1361 887 1434 agit
914 1360 948 1417 in
969 1358 1045 1418 loro,
1132 1359 1187 1432 Ta,
1214 1381 1290 1419 carro

158 1469 288 1543 feminei
306 1467 427 1540 possint
446 1483 561 1524 cessare
584 1468 711 1534 haberes,
728 1465 905 1543 Lanificam
920 1484 1043 1525 revoces
1058 1471 1099 1526 orl
1113 1486 1172 1525 sero
1185 1485 1289 1542 peresa

160 1592 303 1643 monam,
326 1590 362 1630 ex
378 1573 465 1646 Verg.
481 1573 556 1631 Aen.
579 1573 664 1631 VIII.
688 1575 866 1633 lot-410:
888 1574 981 1633 «lude
1002 1573 1054 1631 ubi
1075 1576 1177 1648 prima
1199 1575 1290 1650 quies

160 1678 262 1738 medio
293 1680 356 1738 iam
383 1680 483 1737 noctis
514 1679 628 1738 abacta
661 1680 818 1739 Curriculo
849 1682 1007 1756 expulerat
1030 1700 1181 1750 somnum,
1216 1701 1289 1742 cum

160 1787 277 1844 femina
304 1787 447 1860 primum,
482 1786 538 1845 Cui
568 1789 700 1846 tolerare
736 1789 802 1846 colo
835 1789 931 1846 vitam
963 1789 1109 1862 tenuique
1144 1787 1290 1848 Minerva

161 1893 353 1968 Impositum,
383 1891 519 1951 cinerem
551 1897 580 1950 et
612 1895 728 1968 sepltos
749 1895 876 1952 suscitat
906 1896 1019 1968 ignes.»
1105 1894 1290 1970 horrificam

160 2019 284 2058 revocas
314 2003 355 2058 ool
376 2018 435 2057 stra
462 2017 561 2074 ponsa
584 2019 726 2065 rucanas,
753 2019 790 2059 ex
811 2000 874 2058 Tib.
898 2001 938 2058 Π.
966 2001 989 2070 1,
1017 2002 1069 2059 10;
1097 1999 1291 2061 «Lanificam

161 2109 266 2182 pensis
288 2108 471 2182 imposuisse
493 2126 646 2165 manum.»

214 2214 249 2272 V.
273 2215 308 2272 31
344 2214 400 2271 -3a
425 2214 518 2285 Quid,
551 2216 578 2272 si
603 2213 749 2288 Ccpliolto
782 2217 847 2285 etc,
876 2218 1076 2292 interpolatio
1107 2217 1288 2276 manifesta

215 2321 249 2379 V.
273 2322 320 2379 33-
335 2321 399 2378 234.
421 2321 506 2396 filius
527 2328 602 2394 ater,
624 2323 791 2389 Memnon;
814 2324 849 2382 cf.
874 2344 966 2400 supra
987 2326 1057 2384 adn.
1080 2325 1119 2383 ad
1141 2326 1165 2383 I.
1182 2327 1211 2395 8,
1228 2327 1290 2384 3—

161 2427 196 2486 4:
224 2427 321 2501 «nigri
336 2427 538 2485 Memnonis.»
588 2464 597 2468 -
612 2429 765 2488 llhrterai.
780 2476 786 2488 .
801 2477 806 2488 .
829 2433 962 2504 pectoris
982 2433 1035 2491 illc
1057 2432 1148 2504 color,
1168 2433 1291 2506 animi,-

163 2534 283 2592 animus
315 2535 397 2590 enim
430 2537 495 2592 ater
527 2537 573 2592 est
593 2535 760 2610 improbus.
795 2537 871 2593 sicut
899 2537 1048 2595 candidus
1069 2540 1196 2612 ponitur
1231 2557 1289 2613 pro

161 2639 244 2698 bono
267 2642 297 2698 et
319 2641 422 2714 probe.
624 2616 635 2629 ⁹

108 2762 110 2766 ·
215 2744 250 2804 V.
274 2747 320 2806 35.
347 2746 488 2818 Tithono,
518 2750 641 2821 coniugi
663 2750 803 2819 Aurorae;
836 2749 871 2807 of.
904 2749 973 2807 adn.
998 2769 1090 2825 supra
1120 2751 1159 2808 ad
1180 2771 1224 2810 vs.
1254 2753 1288 2812 l:

167 2872 199 2910 «a
222 2854 342 2911 seniore
364 2854 503 2912 marito»

215 2961 250 3019 V.
275 2962 329 3018 37-
354 2961 400 3019 llll.
433 2962 530 3020 llhcm
560 2948 635 3020 <latu
660 2964 787 3037 refugis,
820 2964 912 3038 toppo
936 2966 1013 3039 quia
1035 2966 1190 3039 qrcnclc'or
1211 2985 1289 3033 cecc,

162 3066 273 3143 Stirpis
294 3071 336 3127 od
357 3069 473 3126 tachos
495 3088 515 3126 o
536 3086 607 3126 serre
623 3087 715 3126 ›ricrre
738 3076 829 3140 rotas,
851 3073 942 3143 poeta
963 3073 1034 3128 ante
1058 3070 1161 3129 oculos
1176 3070 1288 3130 habuit

162 3174 319 3249 Antipatri
340 3174 622 3233 Thessalonicensis
654 3177 844 3250 epigramma
875 3176 980 3252 (Anth.
1013 3178 1075 3235 Pal.
1098 3176 1133 3235 V.
1166 3178 1194 3246 3,
1227 3179 1287 3236 5--

162 3280 222 3357 6.):
238 3277 268 3340 F
263 3277 423 3361 ηράσκεις,
439 3279 463 3341 Τ
460 3276 565 3341 crimus·
576 3281 607 3341 rr'
619 3281 682 3362 γὰρ
701 3279 758 3365 σὴν
773 3280 889 3343 ethera
903 3284 971 3343 Ἠῶ
987 3281 1089 3350 Οὕτως
1115 3279 1291 3365 c'pdpedc'qv

162 3383 281 3466 ἤλασας
302 3385 338 3446 ἐκ
358 3384 481 3470 λεχέων.
551 3389 712 3463 qrcrrdc'or,
735 3391 847 3447 senior.
878 3427 903 3431 ν-
928 3391 1101 3467 Cephalum
1123 3392 1288 3467 complexa

163 3501 291 3566 terreres,
324 3494 502 3569 Cephalum,
534 3494 633 3552 filium
669 3495 807 3566 Deionis,
839 3499 919 3570 regis
950 3498 1105 3568 Phocidis,
1137 3499 1287 3558 maritum

162 3601 322 3670 Procridis,
352 3603 471 3660 Aurora
498 3620 602 3661 amore
634 3604 762 3662 incensa
791 3607 903 3678 rapuit,
933 3605 986 3662 sed
1018 3624 1087 3663 cum
1109 3606 1160 3663 ille
1182 3604 1287 3663 uxoris

162 3708 301 3768 oblivisci
321 3724 386 3768 non
406 3711 549 3784 possete
571 3707 627 3767 dea
647 3711 794 3767 remissus
809 3713 856 3767 est
877 3710 915 3767 ad
930 3710 1076 3782 Procrin;
1099 3711 1201 3769 fabula
1214 3729 1288 3769 nar-¹

162 3818 247 3875 ratur
268 3815 321 3876 Ov.
345 3816 418 3876 Met.
440 3816 508 3875 VII.
533 3816 599 3874 700.
623 3835 687 3892 sqq.
711 3815 754 3876 of.
778 3816 831 3875 Ov.
855 3818 927 3875 Her.
951 3818 979 3887 d,
1001 3818 1054 3876 95*
1083 3819 1129 3876 96.
1160 3817 1197 3875 de
1230 3817 1284 3877 Ce-

163 3923 271 3998 phalo:
299 3924 375 3981 «Nec
397 3925 502 3982 tamen
523 3922 651 3982 Aurora
673 3925 753 3982 male
776 3943 807 3982 se
829 3924 984 3999 praebebat
1007 3925 1193 3984 amandum:
1215 3924 1288 3983 Ibat

163 4029 306 4090 adhunc
327 4031 450 4106 sapiens
472 4050 490 4089 a
511 4050 584 4089 sene
606 4032 677 4090 dira
696 4033 789 4090 viro.»
871 4033 976 4092 Noctis
998 4034 1080 4106 equi,
1103 4030 1197 4089 etiam
1218 4030 1288 4088 Nox

162 4121 256 4195 habet
290 4156 429 4208 currum;
452 4137 487 4196 cf.
511 4137 575 4196 Tib.
599 4138 639 4196 II.
666 4139 689 4206 1,
714 4139 771 4197 87:
798 4138 880 4196 «Nox
909 4138 1009 4212 iungit
1034 4157 1152 4212 equos.»
1191 4137 1292 4210 Bigas
