<?xml version="1.0" encoding="UTF-8"?>
<!DOCTYPE html PUBLIC "-//W3C//DTD XHTML 1.0 Transitional//EN"
    "http://www.w3.org/TR/xhtml1/DTD/xhtml1-transitional.dtd">
<html xmlns="http://www.w3.org/1999/xhtml" xml:lang="en" lang="en">
 <head>
  <title>
</title>
<meta http-equiv="Content-Type" content="text/html;charset=utf-8" />
  <meta name='ocr-system' content='tesseract 3.04.00' />
  <meta name='ocr-capabilities' content='ocr_page ocr_carea ocr_par ocr_line ocrx_word'/>
</head>
<body>
  <div class='ocr_page' id='page_1' title='image "./povidiinasonisa01ovidgoog_0033.png"; bbox 0 0 2896 4754; ppageno 0'>
   <div class='ocr_carea' id='block_1_1' title="bbox 632 355 912 402">
    <p class='ocr_par' dir='ltr' id='par_1_1' title="bbox 632 355 912 402">
     <span class='ocr_line' id='line_1_1' title="bbox 632 355 912 402; baseline 0.007 -3"><span class='ocrx_word' id='word_1_1' title='bbox 632 356 767 401; x_wconf 80' lang='lat' dir='ltr'>AMORUM</span> <span class='ocrx_word' id='word_1_2' title='bbox 785 358 808 402; x_wconf 87' lang='lat'>1.</span> <span class='ocrx_word' id='word_1_3' title='bbox 826 355 912 402; x_wconf 86' lang='lat'>9-10.</span> 
     </span>
    </p>
   </div>
   <div class='ocr_carea' id='block_1_2' title="bbox 304 517 1161 861">
    <p class='ocr_par' dir='ltr' id='par_1_2' title="bbox 304 517 1161 861">
     <span class='ocr_line' id='line_1_2' title="bbox 348 517 1161 636; baseline 0.005 -42"><span class='ocrx_word' id='word_1_4' title='bbox 348 531 543 595; x_wconf 86' lang='lat' dir='ltr'>Mollierant</span> <span class='ocrx_word' id='word_1_5' title='bbox 567 517 827 636; x_wconf 39' lang='lat' dir='ltr'>animosqleotus</span> <span class='ocrx_word' id='word_1_6' title='bbox 852 539 884 598; x_wconf 88' lang='lat' dir='ltr'>et</span> <span class='ocrx_word' id='word_1_7' title='bbox 907 536 1025 598; x_wconf 91' lang='lat' dir='ltr'>umbra</span> <span class='ocrx_word' id='word_1_8' title='bbox 1048 556 1161 609; x_wconf 79' lang='lat' dir='ltr'>meos3</span> 
     </span>
     <span class='ocr_line' id='line_1_3' title="bbox 304 628 1036 731; baseline 0.005 -23"><span class='ocrx_word' id='word_1_9' title='bbox 304 645 432 728; x_wconf 75' lang='lat' dir='ltr'><strong>Inpulit</strong></span> <span class='ocrx_word' id='word_1_10' title='bbox 455 628 613 728; x_wconf 72' lang='lat' dir='ltr'>ignavum</span> <span class='ocrx_word' id='word_1_11' title='bbox 637 649 790 711; x_wconf 85' lang='lat' dir='ltr'>formosae</span> <span class='ocrx_word' id='word_1_12' title='bbox 815 669 893 711; x_wconf 86' lang='lat' dir='ltr'>eura</span> <span class='ocrx_word' id='word_1_13' title='bbox 916 650 1036 731; x_wconf 83' lang='lat' dir='ltr'>puellae</span> 
     </span>
     <span class='ocr_line' id='line_1_4' title="bbox 347 750 1061 861; baseline 0.006 -37"><span class='ocrx_word' id='word_1_14' title='bbox 347 761 450 825; x_wconf 84' lang='lat' dir='ltr'>Iussit</span> <span class='ocrx_word' id='word_1_15' title='bbox 474 766 507 825; x_wconf 91' lang='lat' dir='ltr'>et</span> <span class='ocrx_word' id='word_1_16' title='bbox 530 763 567 825; x_wconf 92' lang='lat' dir='ltr'>in</span> <span class='ocrx_word' id='word_1_17' title='bbox 590 750 797 861; x_wconf 52' lang='lat' dir='ltr'>eastris&#39;qaera</span> <span class='ocrx_word' id='word_1_18' title='bbox 820 756 948 827; x_wconf 78' lang='lat' dir='ltr'>merere</span> <span class='ocrx_word' id='word_1_19' title='bbox 973 765 1061 828; x_wconf 88' lang='lat' dir='ltr'>suis:</span> 
     </span>
    </p>
   </div>
   <div class='ocr_carea' id='block_1_3' title="bbox 258 876 1215 1082">
    <p class='ocr_par' dir='ltr' id='par_1_3' title="bbox 258 876 1215 1082">
     <span class='ocr_line' id='line_1_5' title="bbox 258 876 1215 977; baseline 0.004 -37"><span class='ocrx_word' id='word_1_20' title='bbox 258 905 286 941; x_wconf 70' lang='lat' dir='ltr'>a</span> <span class='ocrx_word' id='word_1_21' title='bbox 302 876 385 939; x_wconf 90' lang='lat' dir='ltr'>Inde</span> <span class='ocrx_word' id='word_1_22' title='bbox 408 877 501 941; x_wconf 89' lang='lat' dir='ltr'>vides</span> <span class='ocrx_word' id='word_1_23' title='bbox 526 880 647 977; x_wconf 78' lang='lat' dir='ltr'>agilem</span> <span class='ocrx_word' id='word_1_24' title='bbox 670 883 899 962; x_wconf 84' lang='lat' dir='ltr'>nocturnaque</span> <span class='ocrx_word' id='word_1_25' title='bbox 923 881 1012 944; x_wconf 91' lang='lat' dir='ltr'>bella</span> <span class='ocrx_word' id='word_1_26' title='bbox 1034 885 1215 962; x_wconf 74' lang='lat' dir='ltr'>gerentem.</span> 
     </span>
     <span class='ocr_line' id='line_1_6' title="bbox 350 992 979 1082; baseline 0.006 -27"><span class='ocrx_word' id='word_1_27' title='bbox 350 992 414 1071; x_wconf 78' lang='lat' dir='ltr'>Qui</span> <span class='ocrx_word' id='word_1_28' title='bbox 437 993 532 1057; x_wconf 90' lang='lat' dir='ltr'>nolet</span> <span class='ocrx_word' id='word_1_29' title='bbox 553 993 845 1082; x_wconf 61' lang='lat' dir='ltr'>fieriqdesidiosua</span> <span class='ocrx_word' id='word_1_30' title='bbox 873 997 979 1059; x_wconf 89' lang='lat' dir='ltr'>amet!</span> 
     </span>
    </p>
   </div>
   <div class='ocr_carea' id='block_1_4' title="bbox 755 1282 794 1345">
    <p class='ocr_par' dir='ltr' id='par_1_4' title="bbox 755 1282 794 1345">
     <span class='ocr_line' id='line_1_7' title="bbox 755 1282 794 1345; baseline 0.026 -1"><span class='ocrx_word' id='word_1_31' title='bbox 755 1282 794 1345; x_wconf 86' lang='lat' dir='ltr'>X.</span> 
     </span>
    </p>
   </div>
   <div class='ocr_carea' id='block_1_5' title="bbox 201 1458 1284 4211">
    <p class='ocr_par' dir='ltr' id='par_1_5' title="bbox 201 1458 1284 3282">
     <span class='ocr_line' id='line_1_8' title="bbox 305 1458 1091 1543; baseline 0.001 -21"><span class='ocrx_word' id='word_1_32' title='bbox 305 1458 420 1537; x_wconf 79' lang='lat' dir='ltr'>Qualis</span> <span class='ocrx_word' id='word_1_33' title='bbox 445 1462 485 1524; x_wconf 86' lang='lat' dir='ltr'>ab</span> <span class='ocrx_word' id='word_1_34' title='bbox 508 1461 634 1524; x_wconf 78' lang='lat' dir='ltr'><strong>Eurota</strong></span> <span class='ocrx_word' id='word_1_35' title='bbox 656 1461 810 1543; x_wconf 78' lang='lat' dir='ltr'>Phrygiis</span> <span class='ocrx_word' id='word_1_36' title='bbox 834 1465 947 1525; x_wconf 83' lang='lat' dir='ltr'>avecta</span> <span class='ocrx_word' id='word_1_37' title='bbox 970 1462 1091 1524; x_wconf 84' lang='lat' dir='ltr'>earinis</span> 
     </span>
     <span class='ocr_line' id='line_1_9' title="bbox 338 1573 1038 1658; baseline 0.003 -20"><span class='ocrx_word' id='word_1_38' title='bbox 338 1573 554 1658; x_wconf 69' lang='lat' dir='ltr'>Coniugibus</span> <span class='ocrx_word' id='word_1_39' title='bbox 578 1577 659 1639; x_wconf 89' lang='lat' dir='ltr'>belli</span> <span class='ocrx_word' id='word_1_40' title='bbox 684 1598 783 1640; x_wconf 89' lang='lat' dir='ltr'>eausa</span> <span class='ocrx_word' id='word_1_41' title='bbox 806 1577 936 1640; x_wconf 91' lang='lat' dir='ltr'>duobus</span> <span class='ocrx_word' id='word_1_42' title='bbox 961 1580 1038 1652; x_wconf 89' lang='lat' dir='ltr'>erat,</span> 
     </span>
     <span class='ocr_line' id='line_1_10' title="bbox 306 1689 1175 1773; baseline 0 -20"><span class='ocrx_word' id='word_1_43' title='bbox 306 1689 421 1768; x_wconf 78' lang='lat' dir='ltr'>Qualis</span> <span class='ocrx_word' id='word_1_44' title='bbox 446 1695 517 1754; x_wconf 88' lang='lat' dir='ltr'>erat</span> <span class='ocrx_word' id='word_1_45' title='bbox 539 1690 639 1768; x_wconf 88' lang='lat' dir='ltr'>Lede,</span> <span class='ocrx_word' id='word_1_46' title='bbox 664 1711 763 1773; x_wconf 91' lang='lat' dir='ltr'>quarn</span> <span class='ocrx_word' id='word_1_47' title='bbox 786 1692 911 1773; x_wconf 80' lang='lat' dir='ltr'>plumis</span> <span class='ocrx_word' id='word_1_48' title='bbox 936 1691 1066 1755; x_wconf 90' lang='lat' dir='ltr'>abditus</span> <span class='ocrx_word' id='word_1_49' title='bbox 1092 1691 1175 1754; x_wconf 87' lang='lat' dir='ltr'>albis</span> 
     </span>
     <span class='ocr_line' id='line_1_11' title="bbox 351 1806 1021 1884; baseline -0.003 -12"><span class='ocrx_word' id='word_1_50' title='bbox 351 1806 499 1872; x_wconf 75' lang='lat' dir='ltr'>Callidus</span> <span class='ocrx_word' id='word_1_51' title='bbox 522 1809 559 1872; x_wconf 91' lang='lat' dir='ltr'>in</span> <span class='ocrx_word' id='word_1_52' title='bbox 583 1808 668 1872; x_wconf 88' lang='lat' dir='ltr'>falsa</span> <span class='ocrx_word' id='word_1_53' title='bbox 692 1809 775 1872; x_wconf 91' lang='lat' dir='ltr'>lusit</span> <span class='ocrx_word' id='word_1_54' title='bbox 799 1807 928 1872; x_wconf 75' lang='lat' dir='ltr'>adulter</span> <span class='ocrx_word' id='word_1_55' title='bbox 953 1828 1021 1884; x_wconf 72' lang='lat' dir='ltr'>ave·</span> 
     </span>
     <span class='ocr_line' id='line_1_12' title="bbox 274 1921 1084 2005; baseline -0.004 -17"><span class='ocrx_word' id='word_1_56' title='bbox 274 1951 287 1988; x_wconf 79' lang='lat' dir='ltr'>s</span> <span class='ocrx_word' id='word_1_57' title='bbox 306 1921 421 2001; x_wconf 84' lang='lat' dir='ltr'>Qualis</span> <span class='ocrx_word' id='word_1_58' title='bbox 444 1924 630 2005; x_wconf 83' lang='lat' dir='ltr'>Amymone</span> <span class='ocrx_word' id='word_1_59' title='bbox 655 1924 751 1987; x_wconf 88' lang='lat' dir='ltr'>sioois</span> <span class='ocrx_word' id='word_1_60' title='bbox 776 1925 897 1987; x_wconf 87' lang='lat' dir='ltr'>erravit</span> <span class='ocrx_word' id='word_1_61' title='bbox 919 1924 955 1986; x_wconf 93' lang='lat' dir='ltr'>in</span> <span class='ocrx_word' id='word_1_62' title='bbox 978 1923 1084 2005; x_wconf 84' lang='lat' dir='ltr'>Argis,</span> 
     </span>
     <span class='ocr_line' id='line_1_13' title="bbox 288 2038 1174 2123; baseline -0.003 -19"><span class='ocrx_word' id='word_1_63' title='bbox 288 2070 291 2076; x_wconf 51' lang='lat'><strong>⁴</strong></span> <span class='ocrx_word' id='word_1_64' title='bbox 350 2038 433 2104; x_wconf 86' lang='lat' dir='ltr'>Cum</span> <span class='ocrx_word' id='word_1_65' title='bbox 456 2045 621 2123; x_wconf 76' lang='lat' dir='ltr'>premensi</span> <span class='ocrx_word' id='word_1_66' title='bbox 645 2041 768 2104; x_wconf 90' lang='lat' dir='ltr'>summi</span> <span class='ocrx_word' id='word_1_67' title='bbox 789 2041 922 2104; x_wconf 80' lang='lat' dir='ltr'>verticis</span> <span class='ocrx_word' id='word_1_68' title='bbox 945 2061 1031 2103; x_wconf 93' lang='lat' dir='ltr'>urna</span> <span class='ocrx_word' id='word_1_69' title='bbox 1055 2059 1174 2113; x_wconf 84' lang='lat' dir='ltr'>eomas,</span> 
     </span>
     <span class='ocr_line' id='line_1_14' title="bbox 305 2157 1278 2240; baseline 0.001 -20"><span class='ocrx_word' id='word_1_70' title='bbox 305 2157 393 2220; x_wconf 82' lang='lat' dir='ltr'>Talis</span> <span class='ocrx_word' id='word_1_71' title='bbox 419 2178 510 2220; x_wconf 87' lang='lat' dir='ltr'>eras:</span> <span class='ocrx_word' id='word_1_72' title='bbox 536 2159 746 2240; x_wconf 77' lang='lat' dir='ltr'>aquilamque</span> <span class='ocrx_word' id='word_1_73' title='bbox 769 2159 806 2220; x_wconf 94' lang='lat' dir='ltr'>in</span> <span class='ocrx_word' id='word_1_74' title='bbox 828 2163 862 2222; x_wconf 89' lang='lat' dir='ltr'>te</span> <span class='ocrx_word' id='word_1_75' title='bbox 887 2163 1083 2239; x_wconf 88' lang='lat' dir='ltr'>taurumque</span> <span class='ocrx_word' id='word_1_76' title='bbox 1107 2157 1278 2232; x_wconf 80' lang='lat' dir='ltr'>timebam,</span> 
     </span>
     <span class='ocr_line' id='line_1_15' title="bbox 349 2273 1119 2356; baseline 0.001 -21"><span class='ocrx_word' id='word_1_77' title='bbox 349 2273 393 2335; x_wconf 88' lang='lat' dir='ltr'>Et</span> <span class='ocrx_word' id='word_1_78' title='bbox 418 2273 577 2355; x_wconf 89' lang='lat' dir='ltr'>quidquid</span> <span class='ocrx_word' id='word_1_79' title='bbox 599 2295 722 2356; x_wconf 85' lang='lat' dir='ltr'>magno</span> <span class='ocrx_word' id='word_1_80' title='bbox 748 2274 788 2336; x_wconf 90' lang='lat' dir='ltr'>de</span> <span class='ocrx_word' id='word_1_81' title='bbox 812 2274 889 2337; x_wconf 86' lang='lat' dir='ltr'>Iove</span> <span class='ocrx_word' id='word_1_82' title='bbox 913 2274 992 2336; x_wconf 80' lang='lat' dir='ltr'>feeit</span> <span class='ocrx_word' id='word_1_83' title='bbox 1016 2293 1119 2337; x_wconf 89' lang='lat' dir='ltr'>amor.</span> 
     </span>
     <span class='ocr_line' id='line_1_16' title="bbox 304 2389 1280 2470; baseline -0.001 -18"><span class='ocrx_word' id='word_1_84' title='bbox 304 2390 400 2453; x_wconf 84' lang='lat' dir='ltr'>Nune</span> <span class='ocrx_word' id='word_1_85' title='bbox 423 2391 524 2453; x_wconf 90' lang='lat' dir='ltr'>timor</span> <span class='ocrx_word' id='word_1_86' title='bbox 548 2391 657 2453; x_wconf 91' lang='lat' dir='ltr'>omnis</span> <span class='ocrx_word' id='word_1_87' title='bbox 683 2391 783 2466; x_wconf 89' lang='lat' dir='ltr'>abest,</span> <span class='ocrx_word' id='word_1_88' title='bbox 809 2390 980 2470; x_wconf 90' lang='lat' dir='ltr'>animique</span> <span class='ocrx_word' id='word_1_89' title='bbox 1004 2389 1154 2451; x_wconf 85' lang='lat' dir='ltr'>resanuit</span> <span class='ocrx_word' id='word_1_90' title='bbox 1178 2409 1280 2465; x_wconf 86' lang='lat' dir='ltr'>error,</span> 
     </span>
     <span class='ocr_line' id='line_1_17' title="bbox 261 2504 1100 2586; baseline -0.001 -18"><span class='ocrx_word' id='word_1_91' title='bbox 261 2533 288 2570; x_wconf 78' lang='grc' dir='ltr'>ιο</span> <span class='ocrx_word' id='word_1_92' title='bbox 349 2504 417 2567; x_wconf 87' lang='lat' dir='ltr'>Nee</span> <span class='ocrx_word' id='word_1_93' title='bbox 441 2505 542 2567; x_wconf 82' lang='lat' dir='ltr'>facies</span> <span class='ocrx_word' id='word_1_94' title='bbox 567 2505 682 2567; x_wconf 87' lang='lat' dir='ltr'>oeulos</span> <span class='ocrx_word' id='word_1_95' title='bbox 705 2505 774 2567; x_wconf 93' lang='lat' dir='ltr'>iam</span> <span class='ocrx_word' id='word_1_96' title='bbox 798 2505 887 2586; x_wconf 82' lang='lat' dir='ltr'>oepit</span> <span class='ocrx_word' id='word_1_97' title='bbox 909 2505 975 2567; x_wconf 87' lang='lat' dir='ltr'>ista</span> <span class='ocrx_word' id='word_1_98' title='bbox 997 2524 1100 2567; x_wconf 91' lang='lat' dir='ltr'>meos.</span> 
     </span>
     <span class='ocr_line' id='line_1_18' title="bbox 309 2618 1232 2704; baseline 0.001 -21"><span class='ocrx_word' id='word_1_99' title='bbox 309 2618 374 2702; x_wconf 82' lang='lat' dir='ltr'>Gur</span> <span class='ocrx_word' id='word_1_100' title='bbox 398 2621 461 2683; x_wconf 91' lang='lat' dir='ltr'>sim</span> <span class='ocrx_word' id='word_1_101' title='bbox 485 2623 645 2696; x_wconf 87' lang='lat' dir='ltr'>mutatus,</span> <span class='ocrx_word' id='word_1_102' title='bbox 672 2622 816 2703; x_wconf 79' lang='lat' dir='ltr'>quaeris?</span> <span class='ocrx_word' id='word_1_103' title='bbox 839 2623 917 2704; x_wconf 90' lang='lat' dir='ltr'>quia</span> <span class='ocrx_word' id='word_1_104' title='bbox 940 2643 1079 2685; x_wconf 90' lang='lat' dir='ltr'>munera</span> <span class='ocrx_word' id='word_1_105' title='bbox 1102 2622 1232 2702; x_wconf 89' lang='lat' dir='ltr'>poseis;</span> 
     </span>
     <span class='ocr_line' id='line_1_19' title="bbox 340 2735 1122 2828; baseline 0.001 -30"><span class='ocrx_word' id='word_1_106' title='bbox 340 2735 429 2828; x_wconf 51' lang='lat' dir='ltr'>¹Haeo</span> <span class='ocrx_word' id='word_1_107' title='bbox 452 2739 484 2799; x_wconf 87' lang='lat' dir='ltr'>te</span> <span class='ocrx_word' id='word_1_108' title='bbox 508 2757 578 2799; x_wconf 89' lang='lat' dir='ltr'>non</span> <span class='ocrx_word' id='word_1_109' title='bbox 601 2736 729 2818; x_wconf 91' lang='lat' dir='ltr'>patitur</span> <span class='ocrx_word' id='word_1_110' title='bbox 753 2757 852 2800; x_wconf 85' lang='lat' dir='ltr'>eausa</span> <span class='ocrx_word' id='word_1_111' title='bbox 875 2736 1005 2818; x_wconf 83' lang='lat' dir='ltr'>plaeere</span> <span class='ocrx_word' id='word_1_112' title='bbox 1029 2737 1122 2799; x_wconf 86' lang='lat' dir='ltr'>mihi.</span> 
     </span>
     <span class='ocr_line' id='line_1_20' title="bbox 304 2851 1284 2934; baseline 0.001 -20"><span class='ocrx_word' id='word_1_113' title='bbox 304 2851 419 2915; x_wconf 80' lang='lat' dir='ltr'>Donec</span> <span class='ocrx_word' id='word_1_114' title='bbox 444 2872 516 2914; x_wconf 91' lang='lat' dir='ltr'>eras</span> <span class='ocrx_word' id='word_1_115' title='bbox 541 2853 689 2933; x_wconf 84' lang='lat' dir='ltr'>simplex,</span> <span class='ocrx_word' id='word_1_116' title='bbox 717 2853 867 2915; x_wconf 92' lang='lat' dir='ltr'>animum</span> <span class='ocrx_word' id='word_1_117' title='bbox 891 2874 967 2916; x_wconf 89' lang='lat' dir='ltr'>eum</span> <span class='ocrx_word' id='word_1_118' title='bbox 991 2872 1127 2934; x_wconf 82' lang='lat' dir='ltr'>corpore</span> <span class='ocrx_word' id='word_1_119' title='bbox 1152 2853 1261 2915; x_wconf 84' lang='lat' dir='ltr'>amavi</span> <span class='ocrx_word' id='word_1_120' title='bbox 1274 2875 1284 2928; x_wconf 87' lang='lat'>;</span> 
     </span>
     <span class='ocr_line' id='line_1_21' title="bbox 352 2968 1054 3050; baseline 0.001 -19"><span class='ocrx_word' id='word_1_121' title='bbox 352 2969 449 3031; x_wconf 86' lang='lat' dir='ltr'>Nune</span> <span class='ocrx_word' id='word_1_122' title='bbox 471 2969 596 3031; x_wconf 89' lang='lat' dir='ltr'>mentis</span> <span class='ocrx_word' id='word_1_123' title='bbox 619 2969 702 3031; x_wconf 88' lang='lat' dir='ltr'>vitio</span> <span class='ocrx_word' id='word_1_124' title='bbox 726 2968 806 3032; x_wconf 88' lang='lat' dir='ltr'>laesa</span> <span class='ocrx_word' id='word_1_125' title='bbox 829 2968 934 3050; x_wconf 83' lang='lat' dir='ltr'>figura</span> <span class='ocrx_word' id='word_1_126' title='bbox 957 2973 1054 3032; x_wconf 81' lang='lat' dir='ltr'>tuast</span> 
     </span>
     <span class='ocr_line' id='line_1_22' title="bbox 201 3084 1272 3166; baseline -0.001 -18"><span class='ocrx_word' id='word_1_127' title='bbox 201 3089 203 3093; x_wconf 80' lang='grc'><strong>’</strong></span> <span class='ocrx_word' id='word_1_128' title='bbox 260 3114 287 3150; x_wconf 71' lang='lat'>15</span> <span class='ocrx_word' id='word_1_129' title='bbox 305 3084 348 3146; x_wconf 84' lang='lat' dir='ltr'>Et</span> <span class='ocrx_word' id='word_1_130' title='bbox 371 3105 455 3166; x_wconf 88' lang='lat' dir='ltr'>puer</span> <span class='ocrx_word' id='word_1_131' title='bbox 478 3088 528 3146; x_wconf 82' lang='lat' dir='ltr'>est</span> <span class='ocrx_word' id='word_1_132' title='bbox 552 3087 584 3147; x_wconf 92' lang='lat' dir='ltr'>et</span> <span class='ocrx_word' id='word_1_133' title='bbox 608 3084 717 3146; x_wconf 90' lang='lat' dir='ltr'>nudus</span> <span class='ocrx_word' id='word_1_134' title='bbox 741 3086 861 3160; x_wconf 84' lang='lat' dir='ltr'>Amor3</span> <span class='ocrx_word' id='word_1_135' title='bbox 888 3086 960 3147; x_wconf 90' lang='lat' dir='ltr'>sine</span> <span class='ocrx_word' id='word_1_136' title='bbox 985 3084 1137 3147; x_wconf 89' lang='lat' dir='ltr'>sordibus</span> <span class='ocrx_word' id='word_1_137' title='bbox 1163 3104 1272 3147; x_wconf 91' lang='lat' dir='ltr'>annos</span> 
     </span>
     <span class='ocr_line' id='line_1_23' title="bbox 350 3179 1107 3282; baseline -0.001 -18"><span class='ocrx_word' id='word_1_138' title='bbox 350 3202 393 3264; x_wconf 87' lang='lat' dir='ltr'>Et</span> <span class='ocrx_word' id='word_1_139' title='bbox 416 3202 528 3264; x_wconf 91' lang='lat' dir='ltr'>nullas</span> <span class='ocrx_word' id='word_1_140' title='bbox 552 3179 670 3277; x_wconf 76' lang='lat' dir='ltr'>vestes,</span> <span class='ocrx_word' id='word_1_141' title='bbox 696 3207 734 3264; x_wconf 90' lang='lat' dir='ltr'>ut</span> <span class='ocrx_word' id='word_1_142' title='bbox 759 3202 803 3264; x_wconf 90' lang='lat' dir='ltr'>sit</span> <span class='ocrx_word' id='word_1_143' title='bbox 827 3205 969 3282; x_wconf 85' lang='lat' dir='ltr'>apertus,</span> <span class='ocrx_word' id='word_1_144' title='bbox 996 3201 1107 3263; x_wconf 88' lang='lat' dir='ltr'>habet.</span> 
     </span>
    </p>

    <p class='ocr_par' dir='ltr' id='par_1_6' title="bbox 304 3315 1218 3630">
     <span class='ocr_line' id='line_1_24' title="bbox 307 3315 1195 3398; baseline 0 -20"><span class='ocrx_word' id='word_1_145' title='bbox 307 3315 393 3394; x_wconf 77' lang='lat' dir='ltr'>Quid</span> <span class='ocrx_word' id='word_1_146' title='bbox 416 3337 558 3398; x_wconf 91' lang='lat' dir='ltr'>puerum</span> <span class='ocrx_word' id='word_1_147' title='bbox 581 3317 719 3380; x_wconf 89' lang='lat' dir='ltr'>Veneris</span> <span class='ocrx_word' id='word_1_148' title='bbox 742 3317 849 3398; x_wconf 87' lang='lat' dir='ltr'>pretio</span> <span class='ocrx_word' id='word_1_149' title='bbox 874 3321 1023 3397; x_wconf 86' lang='lat' dir='ltr'>prostare</span> <span class='ocrx_word' id='word_1_150' title='bbox 1048 3315 1195 3379; x_wconf 73' lang='lat' dir='ltr'>iubetis?</span> 
     </span>
     <span class='ocr_line' id='line_1_25' title="bbox 351 3431 1193 3514; baseline -0.001 -20"><span class='ocrx_word' id='word_1_151' title='bbox 351 3433 423 3512; x_wconf 82' lang='lat' dir='ltr'>Quo</span> <span class='ocrx_word' id='word_1_152' title='bbox 448 3433 594 3514; x_wconf 87' lang='lat' dir='ltr'>pretium</span> <span class='ocrx_word' id='word_1_153' title='bbox 618 3431 749 3510; x_wconf 82' lang='lat' dir='ltr'>condat,</span> <span class='ocrx_word' id='word_1_154' title='bbox 772 3452 842 3495; x_wconf 92' lang='lat' dir='ltr'>non</span> <span class='ocrx_word' id='word_1_155' title='bbox 866 3432 966 3495; x_wconf 88' lang='lat' dir='ltr'>habet</span> <span class='ocrx_word' id='word_1_156' title='bbox 989 3432 1047 3495; x_wconf 92' lang='lat' dir='ltr'>ille</span> <span class='ocrx_word' id='word_1_157' title='bbox 1072 3432 1193 3494; x_wconf 89' lang='lat' dir='ltr'>sinum.</span> 
     </span>
     <span class='ocr_line' id='line_1_26' title="bbox 304 3547 1218 3630; baseline -0.001 -19"><span class='ocrx_word' id='word_1_158' title='bbox 304 3548 372 3612; x_wconf 87' lang='lat' dir='ltr'>Nee</span> <span class='ocrx_word' id='word_1_159' title='bbox 394 3548 507 3612; x_wconf 88' lang='lat' dir='ltr'>Venus</span> <span class='ocrx_word' id='word_1_160' title='bbox 532 3553 609 3630; x_wconf 84' lang='lat' dir='ltr'>apta</span> <span class='ocrx_word' id='word_1_161' title='bbox 632 3550 711 3612; x_wconf 85' lang='lat' dir='ltr'>feris</span> <span class='ocrx_word' id='word_1_162' title='bbox 735 3548 874 3611; x_wconf 83' lang='lat' dir='ltr'>Veneris</span> <span class='ocrx_word' id='word_1_163' title='bbox 898 3569 960 3611; x_wconf 87' lang='lat' dir='ltr'>neo</span> <span class='ocrx_word' id='word_1_164' title='bbox 982 3547 1071 3611; x_wconf 88' lang='lat' dir='ltr'>filius</span> <span class='ocrx_word' id='word_1_165' title='bbox 1096 3548 1218 3610; x_wconf 86' lang='lat' dir='ltr'>armis:</span> 
     </span>
    </p>

    <p class='ocr_par' dir='ltr' id='par_1_7' title="bbox 259 3662 1158 4211">
     <span class='ocr_line' id='line_1_27' title="bbox 259 3662 1061 3730; baseline -0.004 -2"><span class='ocrx_word' id='word_1_166' title='bbox 259 3693 288 3730; x_wconf 75' lang='lat' dir='ltr'>eo</span> <span class='ocrx_word' id='word_1_167' title='bbox 350 3664 426 3727; x_wconf 93' lang='lat' dir='ltr'>Non</span> <span class='ocrx_word' id='word_1_168' title='bbox 450 3665 543 3728; x_wconf 85' lang='lat' dir='ltr'>decet</span> <span class='ocrx_word' id='word_1_169' title='bbox 567 3664 708 3727; x_wconf 88' lang='lat' dir='ltr'>inbelles</span> <span class='ocrx_word' id='word_1_170' title='bbox 733 3685 799 3726; x_wconf 86' lang='lat' dir='ltr'>aera</span> <span class='ocrx_word' id='word_1_171' title='bbox 821 3684 949 3726; x_wconf 87' lang='lat' dir='ltr'>merere</span> <span class='ocrx_word' id='word_1_172' title='bbox 973 3662 1061 3726; x_wconf 89' lang='lat' dir='ltr'>deos.</span> 
     </span>
     <span class='ocr_line' id='line_1_28' title="bbox 307 3777 1106 3852; baseline -0.001 -10"><span class='ocrx_word' id='word_1_173' title='bbox 307 3777 379 3842; x_wconf 85' lang='lat' dir='ltr'>Stat</span> <span class='ocrx_word' id='word_1_174' title='bbox 401 3781 557 3843; x_wconf 78' lang='lat' dir='ltr'>meretrix</span> <span class='ocrx_word' id='word_1_175' title='bbox 581 3784 669 3844; x_wconf 89' lang='lat' dir='ltr'>oerto</span> <span class='ocrx_word' id='word_1_176' title='bbox 695 3780 798 3843; x_wconf 87' lang='lat' dir='ltr'>ouivis</span> <span class='ocrx_word' id='word_1_177' title='bbox 822 3780 1010 3843; x_wconf 76' lang='lat' dir='ltr'>mercabilis</span> <span class='ocrx_word' id='word_1_178' title='bbox 1034 3800 1106 3852; x_wconf 75' lang='lat' dir='ltr'>aere,</span> 
     </span>
     <span class='ocr_line' id='line_1_29' title="bbox 350 3894 1101 3977; baseline 0 -21"><span class='ocrx_word' id='word_1_179' title='bbox 350 3894 394 3956; x_wconf 85' lang='lat' dir='ltr'>Et</span> <span class='ocrx_word' id='word_1_180' title='bbox 416 3895 556 3957; x_wconf 84' lang='lat' dir='ltr'>miseras</span> <span class='ocrx_word' id='word_1_181' title='bbox 580 3895 672 3958; x_wconf 93' lang='lat' dir='ltr'>iusso</span> <span class='ocrx_word' id='word_1_182' title='bbox 697 3916 832 3976; x_wconf 84' lang='lat' dir='ltr'>corpore</span> <span class='ocrx_word' id='word_1_183' title='bbox 858 3897 974 3977; x_wconf 84' lang='lat' dir='ltr'>quaerit</span> <span class='ocrx_word' id='word_1_184' title='bbox 998 3915 1101 3976; x_wconf 90' lang='lat' dir='ltr'>opes;</span> 
     </span>
     <span class='ocr_line' id='line_1_30' title="bbox 305 4011 1158 4094; baseline -0.002 -20"><span class='ocrx_word' id='word_1_185' title='bbox 305 4011 454 4074; x_wconf 77' lang='lat' dir='ltr'>Devovet</span> <span class='ocrx_word' id='word_1_186' title='bbox 475 4012 655 4094; x_wconf 88' lang='lat' dir='ltr'>imperium</span> <span class='ocrx_word' id='word_1_187' title='bbox 678 4016 791 4076; x_wconf 90' lang='lat' dir='ltr'>tamen</span> <span class='ocrx_word' id='word_1_188' title='bbox 815 4014 885 4075; x_wconf 84' lang='lat' dir='ltr'>haee</span> <span class='ocrx_word' id='word_1_189' title='bbox 909 4012 1043 4075; x_wconf 90' lang='lat' dir='ltr'>lenonis</span> <span class='ocrx_word' id='word_1_190' title='bbox 1068 4012 1158 4073; x_wconf 86' lang='lat' dir='ltr'>avari</span> 
     </span>
     <span class='ocr_line' id='line_1_31' title="bbox 349 4128 1134 4211; baseline -0.001 -21"><span class='ocrx_word' id='word_1_191' title='bbox 349 4128 401 4205; x_wconf 75' lang='lat' dir='ltr'>nt,</span> <span class='ocrx_word' id='word_1_192' title='bbox 428 4129 515 4209; x_wconf 89' lang='lat' dir='ltr'>quod</span> <span class='ocrx_word' id='word_1_193' title='bbox 538 4149 597 4192; x_wconf 85' lang='lat' dir='ltr'>vos</span> <span class='ocrx_word' id='word_1_194' title='bbox 621 4130 730 4191; x_wconf 85' lang='lat' dir='ltr'>facitis</span> <span class='ocrx_word' id='word_1_195' title='bbox 755 4133 883 4211; x_wconf 89' lang='lat' dir='ltr'>sponte,</span> <span class='ocrx_word' id='word_1_196' title='bbox 909 4133 1022 4191; x_wconf 85' lang='lat' dir='ltr'>eoaota</span> <span class='ocrx_word' id='word_1_197' title='bbox 1045 4128 1134 4191; x_wconf 85' lang='lat' dir='ltr'>faoit.</span> 
     </span>
    </p>
   </div>
   <div class='ocr_carea' id='block_1_6' title="bbox 0 0 1452 4754">
    <p class='ocr_par' dir='ltr' id='par_1_8' title="bbox 0 0 1452 4754">
     <span class='ocr_line' id='line_1_32' title="bbox 0 0 1452 4754; baseline 0 0"><span class='ocrx_word' id='word_1_198' title='bbox 0 0 1452 4754; x_wconf 95' lang='lat' dir='ltr'> </span> 
     </span>
    </p>
   </div>
  </div>
 </body>
</html>
