2896 4754
562 361 697 405 AMORUM
716 361 738 406 1.
759 359 801 406 13.

254 535 390 618 Cogit-ur
414 534 455 599 ad
478 536 555 600 lites
579 556 713 617 surgere
738 540 875 618 uterque
900 557 1023 612 noves;

207 651 267 727 Tu,
293 672 370 715 oum
393 652 533 715 feminei
556 653 690 734 possint
714 672 843 715 cessare
866 652 1006 729 labores,

254 767 437 831 Lanificam
460 788 595 831 revocas
620 768 662 832 ad
686 788 747 832 sua
770 788 876 850 pensa
899 789 1046 832 manum.

208 883 332 948 Omnia
355 890 565 967 perpeterer;
591 884 648 948 sed
673 905 806 965 surgere
831 904 928 947 mane
952 885 1091 966 puellas,
1216 916 1244 953 re

257 1001 347 1080 Quis,
373 1002 442 1064 nisi
466 1003 519 1064 cui
542 1021 612 1065 non
637 1006 686 1064 est
710 1002 780 1064 ulla
803 1001 925 1083 puella,
950 1003 1061 1064 ferat?

208 1115 332 1199 Optavi
355 1119 518 1199 quotiens,
545 1138 588 1181 ne
612 1118 683 1181 Nox
707 1117 768 1180 tibi
792 1117 906 1180 cedere
932 1117 1040 1192 vellet,

255 1233 303 1296 Ne
326 1235 481 1315 fugerent
504 1236 616 1298 vultus
640 1235 749 1298 sidera
773 1238 864 1297 mota
890 1238 986 1306 tuos3

211 1347 331 1429 Optavi
357 1350 520 1431 quotiens,
547 1355 605 1413 aut
628 1354 748 1414 ventus
771 1352 938 1429 frangeret
962 1369 1064 1424 arem,

256 1465 322 1528 Aut
345 1465 476 1529 caderet
500 1468 608 1547 spissa
632 1467 718 1530 nube
743 1469 892 1530 retentus
916 1467 1040 1548 equus!
1217 1497 1245 1534 16

198 1579 308 1659 {Quia
336 1582 363 1645 si
388 1581 547 1664 Cephalio
572 1603 755 1664 numquam
779 1581 934 1672 flagraret
958 1588 1095 1646 amoro?

258 1697 310 1760 An
333 1701 431 1780 putet
453 1699 604 1780 ignotam
628 1698 814 1780 nequitiam
839 1719 910 1760 esse
935 1700 1066 1774 suamll

213 1811 341 1889 Invida,
366 1833 431 1895 quo
455 1817 639 1897 properas?
663 1813 845 1895 quoderat
869 1813 930 1875 tibi
952 1812 1042 1876 filius
1067 1820 1146 1889 ater,

258 1927 403 1992 Materni
426 1930 535 1992 fuerat
558 1930 702 2010 pectoris
726 1929 783 1992 ille
809 1931 907 1993 color.

211 2043 357 2108 Tithono
381 2046 502 2109 vellem
527 2046 566 2109 de
590 2050 622 2109 16
646 2067 781 2109 narrare
805 2047 938 2109 liceret:

255 2160 396 2224 Femina
420 2182 490 2225 non
514 2162 594 2224 caelo
620 2163 748 2243 turpior
771 2163 841 2224 ulla
865 2163 967 2237 foret;

208 2275 313 2339 Hlum
337 2275 417 2341 dum
440 2278 575 2359 refugis,
600 2278 702 2358 longo
728 2279 806 2360 quia
829 2277 987 2358 grandior
1014 2298 1092 2351 aevo,

256 2390 369 2474 Surgis
394 2393 435 2455 ad
458 2393 583 2456 invisas
608 2414 627 2456 1
652 2414 731 2457 sene
755 2413 853 2456 mane
877 2397 986 2468 rotas;

209 2506 254 2569 At
278 2507 315 2583 si,
342 2527 440 2589 quem
463 2509 570 2585 malis,
598 2506 782 2590 Cephalum
807 2509 967 2591 conplexa
991 2512 1131 2585 teneres,

256 2621 444 2686 Clamores:
473 2625 581 2687 «lente
607 2623 737 2697 currite,
762 2623 876 2685 Noctis
901 2624 1014 2704 equit»
1215 2652 1244 2690 ro

208 2736 277 2803 Cur
300 2758 360 2821 ego
384 2740 511 2822 plectar
532 2761 657 2815 amans,
684 2742 714 2803 si
736 2741 787 2802 vir
801 2739 863 2802 tibi
879 2743 1003 2802 marcet
1019 2740 1060 2801 ab
1077 2741 1201 2801 annis?

255 2856 344 2919 Num
366 2878 419 2919 me
444 2858 591 2938 nupsisti
616 2857 817 2921 conciliante
846 2857 943 2920 seni?

207 2969 361 3053 Adspice,
387 2977 469 3054 quot
492 2992 628 3035 somnos
651 2973 765 3036 iuveni
789 2971 922 3034 donarit
945 2974 1055 3035 amato

254 3086 371 3152 Luna!
396 3108 504 3170 neque
528 3088 621 3152 illius
646 3091 752 3152 forma
777 3088 922 3153 secunda
945 3093 1020 3152 tuae.

207 3201 286 3283 ipse
310 3201 409 3266 deum
433 3205 572 3284 genitor,
598 3225 640 3267 ne
664 3208 696 3267 te
720 3207 790 3266 tam
810 3224 895 3285 saepe
919 3203 1054 3278 videret,
1215 3230 1243 3267 ee

258 3317 434 3384 Commisit
458 3325 574 3385 noctes
598 3322 634 3384 in
659 3341 719 3385 sua
742 3325 821 3384 vota
848 3321 940 3383 duas.

151 3423 154 3427 ⁴
209 3435 324 3518 Iurgia
346 3437 516 3514 finieram;
544 3439 644 3501 scires
669 3436 821 3500 audisse:
846 3436 1003 3510 rubebat;

255 3551 323 3616 Nee
345 3555 460 3616 tamen
484 3552 622 3616 adsueto
647 3551 774 3615 tardius
799 3555 872 3613 orta
896 3551 975 3614 dies.
