2896 4754
161 332 214 383 20⁶
582 350 625 394 ln
640 352 676 394 11.
696 348 738 406 16,
757 347 863 394 arv-ao.

162 520 320 587 ἐπιλάθου
340 530 401 585 τῶν
422 523 539 586 circada.
592 562 596 566 -
618 545 723 602 citrea,
745 527 872 600 propter
893 526 988 582 sinus.
1020 543 1147 600 -qaas,
1168 542 1206 581 ex
1221 543 1347 598 mea,

161 632 356 702 coniectura;
388 632 424 691 cf.
456 632 538 690 infra
559 631 629 691 adn.
654 633 719 690 erit,
744 630 784 689 ad
814 633 843 690 h.
867 633 885 690 1.
928 666 950 671 --
973 630 1147 706 Charybdis
1169 629 1340 701 anclp

161 745 192 797 et
221 737 336 816 affines
363 759 414 798 are
444 746 582 816 receptat
612 759 720 816 aquas,
754 739 791 798 de
816 740 931 798 vertice
954 737 1136 814 Charybdis,
1167 740 1204 796 ut
1224 737 1260 794 l·
1276 741 1323 806 ih

162 845 214 903 IV.
241 846 265 913 1,
289 846 328 904 73
351 847 426 906 --75:
447 847 524 906 «Nec
544 847 684 905 violenta
705 865 759 905 suo
782 847 977 921 consumpsit
998 863 1084 903 more
1106 841 1309 919 Charybdis,

162 951 219 1011 Vel
240 954 266 1009 si
288 952 428 1011 sublimis
446 952 542 1011 fluctu
563 956 761 1027 consurgeret
782 954 854 1021 imo,
871 953 929 1011 Vel
950 953 976 1009 si
996 953 1171 1026 interrupto
1193 949 1296 1008 nuda-

162 1059 210 1116 ret
239 1060 358 1133 gurgite
389 1063 545 1134 pontum.»
581 1060 625 1120 Of.
659 1060 697 1119 de
728 1059 886 1136 Charybdi
921 1060 1012 1117 Hom.
1040 1057 1094 1117 Od.
1119 1057 1190 1115 XII.
1214 1056 1284 1115 237:

158 1156 252 1224 Ἤτοι
274 1158 319 1225 ὅτ’
335 1160 508 1242 ἐξεμέσειε,
533 1159 626 1244 λέβης
647 1161 691 1230 ὣς
712 1161 746 1224 ἐν
759 1161 835 1244 πυρὶ
853 1162 961 1244 πολλῷ
982 1166 1013 1223 et
1033 1163 1104 1222 ibid.
1131 1162 1207 1221 ale:
1221 1154 1282 1221 Ἀλλ’

162 1266 208 1332 ὅτ’
231 1265 424 1352 ἀναβρόξειε
445 1266 615 1352 θαλάσσης
637 1267 780 1352 ἁλμυρὸν
802 1268 898 1352 ὕδωρ.

216 1381 251 1439 V.
275 1380 403 1439 λλ-λθ.
436 1380 587 1455 Neptuni,
618 1382 721 1438 maris.
814 1381 1018 1439 subventuros
1048 1380 1172 1453 auferet
1202 1375 1283 1434 ιιιιάιι-

163 1487 244 1556 clear,
267 1487 430 1542 simulacra
452 1482 580 1542 deorum
600 1487 698 1561 puppi
720 1485 827 1556 affixa;
850 1485 886 1543 ef.
911 1484 980 1543 adn.
1004 1503 1097 1559 supra
1118 1481 1157 1541 ad
1178 1482 1219 1540 H.
1243 1481 1285 1547 11,

161 1590 219 1649 cll:
261 1594 399 1650 «nostros
431 1591 557 1650 advehit
586 1592 640 1652 illa
670 1593 759 1651 deos»
795 1596 825 1651 et
861 1594 914 1652 Ov.
952 1593 1041 1651 Trist.
1074 1591 1098 1649 Ι.
1130 1591 1159 1661 tl,
1197 1589 1290 1647 7-8:
1346 1642 1350 1652 .

168 1697 290 1755 «Monte
312 1716 369 1756 nec
390 1697 518 1757 inferior
548 1716 648 1772 prorae
670 1701 827 1775 puppique
849 1716 984 1757 recurva
1015 1697 1123 1755 Insilit
1143 1698 1175 1755 et
1195 1696 1293 1770 pictos

163 1803 305 1862 verberat
334 1804 418 1863 unda
449 1806 539 1863 deos»
569 1808 600 1865 et
629 1807 712 1865 Pers.
746 1804 808 1865 Sat.
841 1807 868 1875 6,
899 1804 1037 1864 30-31:
1064 1803 1227 1878 «Ingentes
1259 1800 1296 1859 de

164 1929 267 1986 puppe
299 1911 348 1968 dei
370 1914 493 1987 iamque
524 1912 614 1970 obvia
645 1915 759 1986 mergis
791 1910 883 1970 (loeta
913 1912 1002 1969 navis
1035 1913 1170 1970 lacera.»
1197 1943 1202 1947 -
1226 1907 1300 1964 -In

164 2018 278 2075 nostris
298 2019 403 2076 niveos
424 2020 543 2077 vernens
563 2019 691 2094 inrpene
714 2021 851 2091 lacertos,
875 2038 914 2076 sc.
931 2020 966 2076 ut
987 2020 1017 2076 te
1039 2015 1144 2074 nando
1167 2013 1208 2072 ad
1222 2015 1300 2072 litus

142 2123 271 2182 'leram

218 2231 253 2289 V.
277 2233 321 2290 31-
348 2232 406 2290 31.
428 2230 528 2307 Saepe
546 2238 656 2307 petens
670 2233 779 2291 Heron
799 2233 923 2290 trecenis
937 2234 1158 2289 transnaverat
1179 2231 1302 2298 undas,

164 2335 303 2394 Leandri
333 2337 473 2412 exemplo
505 2336 594 2416 docet
623 2340 724 2412 poeta,
757 2338 882 2412 quantis
911 2335 1028 2394 viribus
1058 2336 1166 2392 natare
1200 2333 1307 2409 possit

164 2445 295 2501 amator.
316 2442 402 2501 Hero
423 2445 490 2502 erat
511 2443 654 2501 sacerdos
675 2442 806 2503 Veneris
829 2442 919 2511 Sesti,
939 2442 972 2500 in
995 2441 1085 2499 litore
1100 2440 1306 2516 Hellesponti

164 2550 328 2625 Europae,
359 2550 502 2609 Leander
533 2552 636 2609 autem
667 2552 790 2609 iuvenis
820 2548 983 2612 habitabat
1004 2547 1114 2623 Abydi,
1144 2548 1180 2605 in
1205 2547 1304 2606 litore

165 2654 294 2715 adverso
325 2658 356 2715 et
376 2660 471 2715 noctu
502 2658 666 2716 transnare
689 2657 806 2716 solebat
827 2656 1076 2730 Hellespontum,
1108 2656 1143 2712 ut
1163 2655 1305 2713 amicam

55 2793 57 2796 ·
165 2765 285 2821 occulto
316 2767 506 2823 conveniret.
527 2765 619 2823 Viam
651 2766 679 2823 ei
709 2768 835 2823 lucerna
866 2762 1061 2823 monstrabat
1091 2782 1109 2821 a
1138 2762 1245 2838 puella
1269 2765 1305 2821 in

165 2870 252 2939 turri,
275 2870 309 2928 in
332 2890 392 2946 qua
412 2871 580 2941 habitabat,
604 2873 752 2948 exposita.
775 2871 820 2931 of.
845 2872 898 2931 Or.
921 2871 996 2928 Her.
1021 2869 1066 2943 18,
1092 2868 1254 2928 lla-156
1274 2871 1306 2927 et

170 2976 215 3046 19,
238 2977 364 3036 35-36.
389 3013 428 3019 —
453 2979 534 3037 Tana
555 2997 687 3054 areaque,
719 2981 821 3048 noete,
848 2996 908 3053 qua
929 2977 1073 3036 Leander
1094 2976 1187 3034 undis
1210 2971 1305 3035 obruss

166 3086 216 3141 tus
238 3087 293 3142 est.
316 3119 354 3127 -
375 3087 428 3144 aia
450 3105 533 3145 eceea
553 3086 625 3159 snit,
658 3085 795 3155 obseura,
819 3086 891 3160 quia
912 3084 1041 3142 lucerna
1061 3082 1183 3159 puellae
1205 3087 1306 3142 vento

168 3193 321 3250 exstincta
343 3196 399 3252 est.

221 3299 257 3358 V.
279 3300 408 3360 33-36.
431 3305 552 3377 operest
573 3303 688 3360 aitibns
709 3303 789 3376 apri,
823 3302 874 3376 qui
897 3302 1026 3375 propter
1055 3300 1162 3357 vineas
1185 3299 1306 3357 multos

165 3406 288 3466 labores
319 3410 452 3483 poscunt
481 3409 519 3468 ab
542 3409 701 3482 agricolis3
732 3410 825 3482 poeta
847 3410 919 3465 ante
951 3409 1055 3465 oeulos
1077 3404 1187 3464 habuit
1209 3405 1305 3479 Verg.

168 3512 222 3572 Ge.
248 3514 291 3573 Π,
313 3514 494 3575 397-398ι
518 3515 591 3573 «Est
612 3516 706 3573 etiam
727 3515 780 3572 ille
802 3513 889 3572 labor
910 3513 1056 3572 curandis
1077 3511 1192 3570 vitibus
1212 3511 1306 3582 alter,

169 3617 227 3678 Oui
247 3639 418 3696 numquam
439 3623 582 3680 exhausti
603 3622 677 3679 satis
700 3623 771 3679 est.»
799 3619 843 3679 cf.
868 3620 922 3678 Ov.
944 3619 1018 3676 Met.
1040 3618 1108 3678 XV.
1130 3619 1304 3687 666-667,

169 3726 220 3784 ubi
244 3729 361 3802 templa
382 3746 511 3803 operosa
525 3725 702 3800 significant
722 3728 839 3800 templa
853 3724 951 3783 multo
965 3724 1070 3783 labore
1086 3723 1248 3783 aedificata.
1264 3759 1305 3766 -

169 3840 289 3904 natent,
312 3834 467 3892 madeant.
489 3866 529 3876 —
551 3835 589 3892 Et
611 3839 695 3891 vocet
715 3834 750 3890 in
779 3834 861 3890 rivos
882 3838 1063 3890 enrrentena
1083 3831 1220 3890 rnstiens
1241 3849 1305 3888 nn-

170 3945 255 4009 danr,
287 3959 323 3999 ex
345 3942 434 4015 Verg.
457 3943 510 4002 Ge.
533 3943 559 4000 1.
584 3941 651 3999 109.
673 3939 723 4016 (de
752 3939 918 4014 agricolal:
946 3937 1039 3996 «Eece
1062 3937 1226 4013 supercilio
1250 3937 1303 3995 eli·

170 4048 237 4106 vosi
259 4049 392 4107 tramitis
414 4050 532 4108 undam
551 4048 672 4108 Elicit»
691 4080 731 4088 —
745 4049 835 4118 rarae,
852 4047 917 4104 arte
932 4046 1046 4114 faet0s;
1069 4045 1105 4103 ef.
1123 4043 1193 4103 adn.
1209 4062 1306 4118 supra

171 4155 211 4213 ad
232 4174 275 4214 vs.
298 4157 335 4215 9:
363 4157 453 4214 «rivis
474 4155 676 4215 labentibus.»
702 4189 735 4196 —
764 4173 877 4226 eomas,
901 4153 1035 4211 frondes.
