2896 4754
366 1137 753 1214 ADNOTATIONES
781 1136 1009 1214 ORITIOAE.

184 1456 222 1514 In
243 1456 344 1516 verbis
367 1455 470 1516 Ovidii
492 1454 718 1516 constituendis
738 1455 936 1515 Ehwaldium
957 1457 1078 1515 secutus
1103 1475 1172 1515 sum
1203 1455 1256 1514 du·

130 1582 197 1622 cem
218 1564 361 1639 locosque
384 1584 499 1635 omnes,
522 1564 575 1623 ubi
597 1582 615 1621 a
635 1564 892 1639 praestantissima
913 1563 978 1622 eius
1009 1562 1172 1622 editione*
1193 1561 1254 1621 dis-

130 1668 302 1729 cedendum
337 1673 453 1746 putavi,
484 1673 536 1730 hio
575 1670 712 1730 efferam.
743 1669 781 1729 In
811 1669 1065 1730 adnotationibus
1095 1671 1201 1728 littere
1232 1669 1261 1728 P

129 1778 237 1835 notavi
257 1778 397 1837 codicem
417 1780 596 1839 Parisinum
618 1778 716 1850 ema,
742 1778 845 1837 littera
866 1777 891 1838 S
910 1778 1047 1838 codicem
1075 1777 1256 1852 Sangallen-

129 1902 194 1942 sem
214 1904 246 1943 n.
268 1886 334 1944 864.

612 2046 719 2108 Liber
737 2047 766 2108 I.

181 2187 236 2246 ΠΙ.
263 2189 308 2246 13.
329 2189 388 2248 Et:
410 2187 532 2247 codices
553 2221 592 2229 —
613 2188 672 2248 At:
693 2187 831 2248 Ehwald.

182 2294 234 2354 IV.
258 2295 306 2357 46.
328 2297 413 2371 ipse:
434 2295 476 2365 P;
499 2315 580 2356 esse:
602 2295 623 2355 S
643 2330 684 2338 -
705 2314 792 2356 cccc:
813 2295 849 2357 N.
872 2297 1031 2354 Heinsius.
1062 2294 1108 2355 of.
1138 2295 1181 2355 H.
1209 2295 1256 2364 18,

130 2401 184 2459 20:
213 2400 267 2459 «Ei
287 2401 375 2473 mihi,
401 2403 564 2478 praecptis
595 2420 705 2476 urgeor
726 2404 791 2477 ipse
812 2404 906 2461 meis»
933 2406 964 2460 et
984 2402 1026 2461 H.
1052 2402 1097 2471 19,
1119 2402 1176 2460 34:
1203 2399 1256 2458 «Ei

128 2509 217 2578 mihi,
240 2527 280 2567 ne
301 2509 430 2567 monitis
452 2511 599 2585 torquear
619 2511 684 2583 ipse
705 2509 810 2567 meis.»

182 2615 235 2675 VI.
258 2616 307 2675 23.
329 2619 406 2692 quid
428 2616 547 2676 obstat:
569 2615 688 2674 conieci
708 2649 748 2657 —
770 2618 853 2691 quod
875 2622 982 2691 optas:
1005 2613 1133 2674 codices.
1148 2614 1256 2673 Lectio

129 2721 271 2782 codicum
293 2722 418 2781 defendi
439 2742 504 2782 non
526 2725 637 2798 potest,
660 2723 732 2799 quia
754 2740 792 2780 ex
812 2723 950 2781 carmine
976 2740 1128 2797 nusquam
1159 2721 1257 2779 elucet

128 2830 295 2888 ianitorem
326 2832 424 2904 poetae
455 2831 588 2903 gratim
618 2829 733 2888 referre
763 2831 893 2904 optasse.
920 2829 967 2887 57.
991 2847 1008 2886 o
1029 2828 1150 2885 ianitor
1170 2828 1256 2901 ipso:

128 2935 248 2999 conieci
269 2969 309 2979 —
326 2940 475 3014 paratior
494 2939 578 3015 ipse:
600 2937 728 2996 codices.
753 2935 921 3010 Corruptus
943 2937 990 2993 est
1008 2937 1112 3005 locus3
1135 2952 1256 3008 compe.-

127 3043 245 3102 retivus
267 3045 352 3102 enim
370 3046 518 3120 paratior
538 3063 603 3104 non
625 3047 672 3103 est
693 3063 754 3121 quo
778 3042 930 3102 referetur
951 3043 982 3100 et
1003 3043 1159 3100 sententie
1180 3043 1257 3099 rela-

128 3152 192 3209 tive
214 3149 270 3227 (vs.
291 3151 346 3210 58:
373 3150 487 3223 «Quem
509 3152 574 3211 face
604 3149 776 3227 sustineo»)
806 3151 912 3224 inepte
943 3149 1114 3207 secernitur
1144 3147 1182 3206 cb
1211 3149 1257 3223 iq·

127 3260 225 3335 11111111
248 3260 302 3337 (vs.
325 3258 397 3335 oi),
419 3259 459 3318 od
481 3259 564 3335 quod
585 3260 729 3335 pertinet.
753 3257 862 3318 Verbis
883 3256 1056 3315 minacibus
1078 3257 1160 3314 ce1te
1177 3255 1257 3313 ieni-

127 3367 228 3424 torem
249 3367 353 3440 ipsum
375 3367 543 3441 alloquitur
563 3368 664 3441 poete,
686 3369 721 3424 ut
735 3366 834 3424 elucet
853 3365 938 3424 infra
956 3383 1014 3422 vss.
1031 3364 1166 3423 61-622
1186 3376 1259 3421 «uec

127 3475 158 3530 te
179 3471 383 3549 precibusque
405 3474 564 3548 minisque
585 3473 766 3532 Movimus.»
793 3473 841 3531 65.
859 3472 1048 3547 pruinosas:
1064 3469 1174 3545 scripsi
1188 3487 1259 3526 cum

127 3579 278 3641 Merkelio
299 3613 339 3620 -
356 3581 550 3655 pruinosas:
570 3579 603 3639 P.
628 3577 671 3638 Of.
694 3579 718 3639 L
745 3580 790 3652 13,
813 3579 850 3637 2:
877 3579 988 3637 «Flave
1005 3578 1159 3653 pruinoso
1191 3594 1258 3650 quae

127 3686 214 3744 vehit
239 3705 299 3745 acce
332 3687 430 3746 diem»
467 3689 498 3746 et
527 3687 604 3746 ibid.
640 3688 693 3746 10:
731 3686 883 3746 «Roscida
914 3703 1070 3761 purpurea
1101 3684 1259 3759 supprime

129 3795 197 3852 lora
217 3813 339 3853 manu.»

181 4036 198 4068 *
217 4033 248 4086 P.
274 4032 392 4087 Ovidica
420 4031 507 4086 Naso.
535 4033 580 4085 Ex
607 4031 756 4100 Rudolphi
782 4032 916 4085 Merkelii
944 4031 1141 4099 recognitione
1170 4029 1260 4082 edidit

126 4125 161 4178 R.
182 4122 312 4178 Ehwald.
333 4123 449 4192 bilisia,
470 4121 501 4175 in
521 4122 631 4176 aedibus
650 4123 683 4176 B.
703 4123 736 4176 G.
756 4121 908 4174 Teubneri.
1148 4140 1150 4144 ⁴
