2896 4754
558 377 694 423 AnoRuu
712 381 734 424 1.
756 378 781 425 7.

200 553 322 620 Stravit
346 554 530 636 deprensos
554 555 623 617 lata
646 575 706 636 per
729 576 807 619 arva
831 576 955 638 greges,

147 669 204 748 Et,
229 671 350 736 vindex
373 672 410 734 in
433 675 540 734 matre
563 673 678 752 patris,
704 672 812 736 malus
840 673 938 748 ultor,
966 671 1097 736 Orestes

163 796 179 807 “
197 789 307 852 Ausus
331 789 367 851 in
391 807 529 851 arcanas
552 809 689 870 poscere
712 790 779 852 tela
803 788 906 853 deas?
1203 821 1231 857 ιο

150 905 241 988 Ergo
265 926 326 987 ego
351 905 498 987 digestos
521 907 617 987 potui
640 907 768 970 laniare
792 907 958 989 capillos?

103 1102 105 1106 .
197 1022 265 1085 Neo
289 1005 461 1085 dominam
486 1025 585 1083 motae
610 1020 792 1085 dedecuere
817 1043 937 1086 comae:

150 1133 208 1200 Sic
233 1137 380 1200 formosa
405 1137 485 1212 luit;
512 1136 614 1198 talem
639 1134 837 1199 Schoeneida
860 1135 968 1200 dicam

198 1249 373 1313 Maenalias
398 1270 476 1313 areu
501 1249 699 1313 sollicitasse
719 1250 824 1325 fe1·as;

149 1364 245 1428 Talis
267 1365 394 1447 periuri
417 1366 647 1447 promissaque
671 1365 810 1446 velaque
833 1363 952 1428 Thesei
1204 1396 1231 1432 15

198 1479 308 1543 Flevit
332 1480 521 1562 praecipites
546 1479 663 1545 Cressa
688 1480 805 1544 tulisse
829 1481 953 1556 N0t0s;

151 1593 219 1670 Sic,
240 1595 308 1659 nisi
327 1597 454 1660 vittatis
476 1597 563 1679 quod
583 1600 652 1660 erat
672 1594 859 1660 Cassandra
875 1597 1014 1679 capillis,

198 1712 379 1777 Procubuit
401 1715 538 1795 templo,
564 1715 655 1775 easta
678 1712 839 1788 Minerva,
861 1717 928 1776 tuo.

152 1828 239 1907 Quis
249 1830 334 1892 mihi
345 1849 415 1892 non
426 1829 616 1893 «demensi»
626 1829 699 1911 quis
710 1849 780 1892 non
790 1829 875 1891 mihi
889 1828 1045 1892 «barbare
1055 1830 1079 1892 l»
1090 1822 1192 1894 dixit?

200 1945 279 2028 lpse
301 1946 408 2010 nihil:
431 1946 586 2028 pavidost
610 1946 726 2026 lingua-
749 1949 880 2008 retenta
903 1950 1014 2022 metu3
1206 1977 1234 2014 ιο

152 2061 222 2126 Sed
246 2059 340 2126 taciti
364 2064 470 2126 fecere
496 2067 610 2126 tamen
633 2062 783 2126 convicia
806 2062 930 2137 vultus,

200 2179 276 2260 Egit
300 2200 354 2243 me
377 2180 525 2243 lacrimis
550 2200 606 2243 ore
631 2179 750 2242 silente
773 2199 877 2242 reum.

150 2296 242 2360 Ante
265 2317 358 2360 meos
381 2297 507 2360 umeris
530 2296 652 2359 vellem
676 2294 834 2358 cecidisse
858 2296 1020 2360 lacertos:

201 2411 334 2476 Utiliter
357 2413 453 2494 potui
476 2415 570 2495 parte
595 2432 704 2476 carere
728 2413 815 2487 mei;
860 2472 863 2477 ,

150 2526 194 2591 In
217 2549 292 2593 mea
314 2549 466 2594 vaesanas
490 2529 593 2593 habui
617 2528 793 2610 dispendia
815 2528 902 2592 vires

198 2643 241 2706 Et
263 2643 354 2707 valui
378 2663 512 2725 poenam
532 2643 628 2706 fortis
653 2643 689 2705 in
713 2643 785 2724 ipse
809 2663 931 2707 meam.

153 2755 243 2835 Quid
266 2758 351 2821 mihi
375 2757 558 2833 vobiscum,
585 2756 683 2820 caedis
707 2759 935 2838 scelerumque
958 2758 1144 2820 ministrae?

200 2870 321 2935 Debita
345 2871 515 2952 sacrilegae
538 2872 650 2934 vincla
674 2871 782 2934 subite
806 2873 946 2935 manus!

151 2984 215 3060 An,
242 2986 271 3049 si
293 2985 481 3068 pulsassem
505 2985 685 3049 minimum
709 2985 749 3048 de
772 2985 869 3067 plebe
894 2985 1067 3065 Quiritem,

199 3098 382 3163 Plecterer:
406 3100 443 3162 in
468 3098 640 3162 dominam
664 3099 716 3162 ius
741 3099 826 3161 mihi
849 3100 958 3163 maius
983 3099 1069 3162 erit?
1202 3127 1231 3164 eo

150 3211 303 3276 Pessima
326 3212 466 3295 Tydides
492 3212 655 3277 scelerum
679 3213 887 3276 monimenta
910 3213 1063 3296 reliquit:

198 3329 260 3393 llle
284 3331 380 3394 deam
403 3331 532 3412 primus
556 3329 717 3411 perculit:
738 3329 823 3392 alter
847 3330 928 3410 ego!

151 3444 196 3509 Et
218 3448 332 3510 minus
350 3448 408 3510 ille
424 3468 569 3511 nocens:
588 3447 683 3522 mihi,
705 3467 803 3529 quam
822 3445 1002 3528 profitebar
1021 3466 1141 3522 amare,

198 3564 335 3641 Laesast,
361 3563 500 3648 Tydides
526 3585 632 3628 savus
655 3565 692 3627 in
716 3566 812 3628 hoste
837 3565 909 3628 fuit.

151 3679 293 3758 Inune,
319 3681 515 3763 magnificos
539 3682 646 3744 victor
669 3681 787 3744 molire
812 3680 1011 3761 triumphos,
1202 3709 1230 3745 ss

199 3794 302 3877 Cinge
326 3815 456 3860 comam
480 3796 576 3858 lauro
600 3798 743 3875 votaque
768 3792 868 3857 redde
890 3793 973 3870 Iovi,

149 3910 298 3996 Quaeque
322 3918 398 3977 tuos
422 3933 538 3976 currus
562 3913 784 3976 comitantum
808 3911 906 3974 turba
930 3912 1095 3992 sequetur,

199 4027 328 4093 Clamet
356 4029 427 4093 «iol
452 4029 531 4092 forti
554 4029 641 4092 vieta
663 4028 777 4110 puella
800 4028 942 4090 virostl»

146 4144 238 4210 Ante
262 4148 316 4209 eat
340 4146 444 4209 effuso
468 4146 573 4209 tristis
598 4146 728 4227 captiva
751 4143 882 4225 capillo,
