2896 4754
549 360 684 406 AnoRun
704 362 725 406 1.
748 359 852 406 11-12.

272 540 423 622 Margine
447 539 483 602 in
507 541 652 604 extremo
676 539 789 601 litters
812 558 887 601 rasa
909 539 1021 601 meos!

127 664 129 669 ’
230 655 315 735 Quid
337 656 460 738 digitos
485 675 569 737 opus
594 659 644 718 cst
668 654 807 735 graphio
832 653 957 715 lassare
982 652 1152 716 tenendo?

273 770 346 835 Hoc
370 771 491 833 habeat
515 769 676 851 scriptum
700 771 771 832 tota
795 768 918 831 tabella
947 768 1080 832 «venit»

228 887 304 951 Non
327 907 387 969 ego
411 886 564 950 victrices
587 886 682 948 lauro
707 884 863 948 redimire
887 883 1028 946 tabellas
1233 910 1263 947 ιε,

272 1003 339 1067 Nec
362 1002 501 1067 Veneris
525 1002 636 1065 media
659 1021 783 1083 ponere
808 1001 844 1064 in
868 1000 936 1064 aede
961 1021 1070 1064 morer
1083 1023 1091 1075 ;

229 1116 441 1183 Subscribam
469 1117 608 1181 «Veneri
630 1116 712 1180 fidas
738 1118 801 1181 sibi
825 1117 913 1181 Naso
937 1117 1109 1180 ministras

271 1232 430 1298 Dedicat:
456 1237 489 1296 at
512 1253 620 1314 nuper
641 1234 707 1296 vile
731 1233 841 1296 fuistis
866 1253 971 1296 acer».

664 1517 737 1580 XII.

227 1698 321 1762 Flete
345 1720 438 1762 meos
462 1718 578 1762 casus:
602 1699 715 1761 tristes
738 1697 865 1760 rediere
889 1697 1039 1760 tabellae!

272 1813 393 1877 Infelix
416 1813 515 1877 hodie
539 1813 652 1876 littera
674 1833 773 1894 posse
798 1815 906 1893 negat.

230 1928 350 1992 Omina
374 1933 453 1992 sunt
476 1929 621 2011 aliquid:
645 1927 744 1992 modo
769 1949 844 1990 cum
868 1927 1035 1990 discedere
1059 1927 1159 1989 vellet

272 2043 324 2106 Ad
346 2045 450 2107 limen
474 2043 596 2125 digitos
623 2044 746 2106 restitit
768 2044 834 2106 icta
856 2044 957 2124 Nape.

228 2157 333 2222 Missa
355 2161 444 2222 foras
467 2159 589 2222 iterum
613 2160 717 2222 limen
740 2160 882 2223 transire
906 2163 1074 2224 memento
1246 2187 1259 2223 ⁵

274 2275 411 2340 Cautius
436 2280 534 2358 atquc
559 2277 624 2339 alte
650 2276 760 2339 sobria
784 2278 869 2339 ferre
892 2275 1032 2357 pedem!

228 2389 278 2454 Ite
302 2392 390 2467 hinc,
416 2393 576 2469 difficiles,
602 2393 756 2456 funebria
779 2393 879 2473 ligna,
904 2391 1044 2465 tabellae,

272 2507 395 2591 Tuque,
420 2511 591 2590 negaturis
615 2530 689 2572 cera
712 2511 834 2572 referta
857 2511 956 2585 notis,

228 2621 343 2701 Quam,
368 2630 459 2707 puto,
485 2626 524 2689 de
548 2625 656 2707 longe
681 2627 853 2690 collectam
876 2625 956 2689 flore
981 2626 1094 2688 cicutae

272 2738 372 2803 Melle
397 2741 457 2804 sub
481 2742 601 2805 infami
625 2741 760 2805 Corsica
782 2743 876 2804 misit
900 2742 981 2821 apis.
1231 2769 1261 2806 10

227 2854 270 2917 At
292 2858 463 2937 tamquam
486 2859 591 2921 minio
615 2857 750 2938 penitus
774 2856 938 2919 medicata
961 2856 1121 2919 rubebas:

272 2971 332 3034 Ille
359 2972 449 3034 color
471 2994 546 3036 vere
572 2973 852 3054 sanguinulentus
877 2976 954 3036 erat.

228 3085 385 3150 Proiectae
410 3089 517 3151 triviis
540 3089 687 3165 iaceatis,
712 3090 833 3152 inutile
856 3081 995 3170 lignum,

272 3203 403 3285 Vosque
427 3210 507 3267 rotae
531 3206 663 3286 frangat
686 3207 916 3287 praetereuntis
941 3206 1046 3268 onus!

227 3319 327 3382 illum
351 3321 462 3397 etiarn,
488 3323 545 3403 qui
568 3342 627 3385 vos
652 3343 690 3385 ex
714 3323 829 3387 arbore
853 3324 952 3387 vertit
975 3323 1012 3385 in
1036 3343 1143 3397 usum,
1231 3352 1258 3388 15

273 3435 476 3501 Convincam
498 3460 600 3522 puras
623 3459 693 3502 non
717 3440 873 3503 habuisse
896 3459 1036 3513 manus;

228 3552 371 3617 Praebuit
396 3554 453 3618 illa
478 3556 575 3619 arbor
597 3558 719 3620 misero
745 3556 925 3639 suspendia
948 3556 1043 3631 collo,

272 3666 427 3734 Carnifici
450 3672 539 3736 diras
562 3674 703 3754 praebuit
725 3675 785 3737 illa
808 3694 939 3748 cruces3

227 3784 291 3848 Illa
314 3784 406 3850 dedit
429 3792 544 3870 turpes
567 3790 676 3852 raucis
700 3789 889 3852 bubonibus
912 3789 1055 3864 umbras,

271 3901 422 3966 Vulturis
445 3905 482 3967 in
505 3907 607 3968 ramis
632 3909 665 3968 et
689 3907 801 3988 strigis
826 3926 888 3969 ova
912 3905 998 3970 tulit.
1230 3936 1259 3974 eo

225 4012 290 4082 His
314 4039 374 4100 ego
399 4022 552 4083 commisi
575 4025 708 4086 nostros
732 4024 872 4086 insanus
897 4042 1027 4085 amores

272 4130 453 4216 Molliaque
477 4135 519 4199 ad
543 4135 713 4200 dominam
736 4137 836 4201 verba
858 4136 995 4200 ferenda
1019 4137 1112 4200 dedii
