2896 4754
495 332 630 377 AMORUM
649 335 684 376 11.
707 332 812 380 10—11.

177 509 224 573 At
247 509 331 572 mihi
355 511 527 591 contingat
549 511 688 573 Veneris
712 512 926 594 languescere
949 517 1051 589 motu

227 623 310 687 Cum
333 625 466 700 moriar,
492 626 640 689 medium
665 627 776 691 solvar
799 631 831 689 et
854 628 942 689 inter
969 647 1061 710 opus,

178 741 288 822 Atque
313 741 434 823 aliquis
457 744 573 805 nostro
597 743 776 806 lacrimans
800 744 836 805 in
860 744 975 807 funere
1000 743 1087 806 dicat

232 856 459 920 «Conveniens
484 859 559 921 vitae
583 880 673 921 mors
698 859 761 921 fuit
784 860 850 922 ista
871 864 966 923 tum.»

627 1144 683 1207 XI.

181 1325 293 1389 Prima
315 1325 421 1388 malas
447 1324 559 1387 docuit
583 1324 784 1387 mirantibus
807 1325 949 1406 aequoris
972 1325 1072 1388 undis

227 1441 357 1504 Peliaco
380 1441 482 1522 pinus
506 1442 628 1504 vertice
653 1461 737 1503 caesa
760 1442 840 1509 vias,

180 1555 262 1635 Quae
286 1558 516 1621 concurrentis
540 1558 631 1620 inter
653 1559 831 1621 temerarie
854 1562 966 1622 cautes

228 1669 451 1754 Conspicuam
476 1673 568 1735 fulvo
592 1673 715 1735 vellere
739 1673 827 1735 vexit
852 1693 956 1736 ovem.

184 1785 211 1850 Ο
234 1787 373 1863 utinam,
398 1787 517 1869 nequis
542 1807 633 1852 remo
658 1788 742 1851 freta
765 1788 866 1868 longa
894 1792 1048 1864 moveret,
1203 1819 1217 1855 a

227 1902 314 1983 Argo
339 1903 488 1965 funestas
513 1922 629 1984 pressa
652 1902 790 1964 bibisset
814 1878 936 1983 aquas!

182 2017 276 2091 Ecce,
302 2018 388 2100 fugit
411 2022 596 2100 notumque
619 2023 730 2082 torum
756 2021 928 2102 sociosque
951 2021 1092 2084 Penates

227 2132 436 2214 Fallacisque
460 2133 531 2197 vias
555 2134 604 2196 ire
630 2132 776 2197 Corinna
799 2137 904 2215 purat.

183 2245 291 2324 Quam
314 2247 385 2323 tibi,
410 2267 464 2310 me
488 2249 657 2331 miserum,
676 2248 845 2330 Zephyros
861 2248 1033 2330 Eurosque
1048 2249 1172 2312 timebo

227 2361 269 2425 Et
293 2360 441 2443 gelidum
464 2362 596 2425 Borean
621 2362 854 2445 egelidumque
879 2364 1021 2426 Notum!
1188 2393 1216 2429 ιο

182 2476 258 2540 Non
280 2478 351 2540 illic
374 2479 482 2553 urbes,
508 2498 578 2540 uon
601 2481 639 2540 tu
662 2479 824 2542 mirabere
849 2479 969 2543 silvas:

228 2594 335 2658 Unast
358 2595 476 2658 iniusti
501 2594 621 2658 caerula
646 2596 752 2657 forma
775 2596 896 2670 maris;

183 2711 250 2777 Nec
273 2711 403 2776 medius
426 2713 539 2776 tenuis
564 2713 708 2774 conchas
732 2713 904 2794 pictosque
927 2712 1061 2794 lapillos

228 2830 354 2892 Pontus
378 2831 497 2892 habet:
523 2829 630 2892 bibuli
653 2829 762 2892 litoris
786 2829 846 2891 illa
868 2833 1003 2893 morast.

183 2945 298 3008 Litora
321 2945 518 3007 marmoreis
542 2943 684 3026 pedibus
710 2946 848 3026 signate,
874 2946 1014 3027 puellae:
1092 2983 1094 2986 ·
1190 2974 1217 3010 15

227 3060 399 3123 Hactenus
423 3063 475 3122 est
497 3063 609 3123 tutum
621 3083 628 3135 3
655 3062 763 3123 cetera
786 3080 871 3124 caeca
894 3062 988 3124 viaet.

182 3175 225 3240 Et
248 3177 342 3240 vobis
367 3177 425 3239 alii
448 3179 625 3266 ventorum
648 3176 767 3257 proelia
791 3181 935 3252 narrent,

230 3291 318 3369 Quas
344 3290 454 3373 Scylla
476 3292 623 3368 infestet,
649 3311 770 3373 quasve
795 3290 977 3373 Charybdis
1002 3312 1112 3373 aquas,

182 3407 226 3470 Et
249 3406 368 3490 quibus
393 3408 564 3470 emineant
587 3407 736 3471 violenta
760 3406 924 3470 Ceraunia
949 3408 1045 3482 sexis,

230 3523 302 3601 Quo
326 3523 454 3586 lateant
479 3520 592 3603 Syrtes
616 3543 739 3604 magna
762 3524 937 3605 minorque
962 3524 1058 3586 sinui
1191 3552 1219 3588 20

183 3638 263 3702 Haeo
287 3640 346 3702 alii
370 3641 535 3715 referant;
561 3643 595 3702 at
618 3661 686 3716 voe,
713 3639 803 3722 quod
827 3640 966 3722 quisque
989 3640 1152 3720 loquetur,

230 3754 379 3820 Credite!
405 3755 553 3820 credenti
576 3757 672 3820 nulla
694 3759 841 3839 procella
864 3761 971 3820 nocet.

183 3869 264 3936 Sero
288 3873 465 3954 respicitur
489 3873 600 3949 tellus,
627 3873 685 3935 ubi
709 3875 788 3935 fune
808 3872 917 3935 soluto

230 3978 339 4051 Currit
361 3987 399 4053 in
423 3988 615 4051 inmensum
639 3987 751 4071 panda
775 3988 887 4051 carina
911 3987 1028 4060 salum,

184 4101 303 4166 Navita
328 4102 492 4166 sollicitus
519 4125 584 4185 qua
608 4107 726 4168 ventos
752 4106 866 4167 horret
888 4103 1022 4184 iniquos
1194 4128 1222 4165 rs

1079 4224 1112 4273 4*
