2896 4754
513 346 648 390 AMORUM
667 347 703 390 11.
726 344 796 392 1-9.

183 523 341 588 Carmina
365 523 556 605 sanguineas
581 521 749 585 deducunt
773 542 898 585 cornua
922 521 1020 593 lunae.

228 641 270 704 Et
293 643 450 704 revocant
473 640 590 702 niveos
616 637 704 703 Solis
729 638 840 701 euntis
864 658 986 720 equcs;

183 754 339 820 Carmine
363 757 534 820 dissiliunt
559 756 708 838 abruptis
733 755 884 817 faucibus
910 775 1044 836 angues,
1191 786 1218 821 ιε

228 872 332 953 inque
357 891 435 934 suos
460 873 569 934 fontes
594 890 690 933 versa
712 869 851 933 recurrit
875 889 979 951 aqua;

183 983 395 1050 Carminibus
419 1007 545 1049 cessere
570 988 667 1062 fores,
692 986 884 1067 insertaque
907 987 1005 1067 posti,

230 1100 387 1179 Quamvis
412 1101 513 1164 robur
536 1104 618 1178 erat,
642 1101 789 1164 carmine
814 1102 901 1164 victa
925 1105 1038 1165 serast.

182 1215 272 1294 Quid
296 1217 380 1279 mihi
403 1217 568 1299 profuerit
591 1217 688 1279 velox
712 1221 864 1280 cantatus
888 1217 1061 1280 Achilles?
1091 1296 1095 1302 η

231 1331 317 1410 Quid
340 1353 400 1414 pro
425 1353 477 1395 me
501 1331 633 1396 Atrides
659 1334 742 1395 alter
766 1337 798 1396 et
822 1333 907 1395 alter
930 1337 1038 1412 agent,
1190 1361 1219 1398 sc

182 1449 312 1532 Quique
336 1452 386 1512 tot
411 1449 560 1525 errando,
588 1454 669 1532 quot
693 1450 790 1525 bello,
817 1447 962 1529 perdidit
986 1469 1102 1524 annos,

228 1565 355 1647 Raptus
381 1568 414 1628 et
437 1565 627 1629 Haemcniis
652 1564 773 1628 flebilis
797 1565 924 1628 Hector
947 1564 1065 1646 equis?

184 1680 226 1742 st
249 1680 332 1742 facie
356 1688 478 1742 tenerae
503 1679 639 1743 laudata
663 1701 749 1760 saepe
773 1679 892 1761 puellae

228 1794 279 1857 Ad
302 1799 422 1871 vatem,
447 1796 592 1876 pretium
616 1795 784 1869 carminis,
809 1795 883 1874 ipsa
905 1793 1007 1856 venit.

181 1906 307 1989 Magna
331 1908 427 1973 datur
450 1911 595 1972 meroes!
621 1910 760 1971 heroum
784 1910 873 1972 clara
895 1908 1002 1971 valete
1191 1939 1219 1976 ss

228 2024 392 2088 Nomina:
416 2045 486 2087 non
511 2028 622 2106 aptast
646 2024 752 2106 gratia
776 2028 885 2086 vestra
907 2023 1001 2085 mihi.

183 2139 234 2202 Ad
257 2159 332 2203 mea
355 2141 520 2235 formosos
544 2141 656 2202 vultus
680 2139 844 2213 adhibete,
869 2139 997 2220 puellae,

230 2252 395 2332 Carmina,
421 2276 608 2337 purpureus
633 2275 705 2336 quae
729 2255 815 2316 mihi
839 2253 941 2317 dictat
963 2255 1085 2319 Amor!

639 2538 681 2600 ΙΙ.

183 2716 289 2795 Quem
313 2738 416 2799 penes
442 2721 493 2780 est
517 2718 692 2780 dominam
717 2716 871 2779 servandi
896 2736 986 2795 cura,
1008 2716 1126 2797 Bagoe,

228 2832 317 2896 Dum
341 2853 463 2916 perago
486 2840 599 2896 tecum
623 2853 738 2914 pauca,
766 2831 823 2896 sed
847 2836 933 2913 apta,
958 2834 1057 2895 vaca!

182 2946 349 3011 Hesterna
372 2946 442 3010 vidi
466 2949 671 3029 spatiantem
695 2948 768 3009 luce
792 2947 939 3028 puellam

227 3062 301 3138 Hla,
326 3082 397 3144 quae
421 3063 533 3126 Danai
557 3063 704 3144 porticus
730 3083 848 3143 agmen
873 3062 990 3137 habet3

182 3177 347 3253 Protinus,
373 3183 412 3241 ut
435 3167 571 3261 placuit,
598 3180 674 3242 misi
700 3181 887 3261 scriptoque
912 3178 1044 3260 rogavi:
1206 3207 1219 3243 s

226 3293 410 3376 Rescripsit
435 3295 566 3376 trepida
594 3315 681 3357 cnon
706 3294 802 3357 licet»
830 3294 891 3356 illa
913 3314 1026 3368 manu,

182 3408 233 3485 Et,
259 3430 317 3473 cur
339 3431 410 3472 non
434 3411 542 3487 liceat,
570 3411 731 3493 quaerenti
755 3410 883 3473 reddita
907 3412 1047 3485 causa-st,

229 3523 325 3602 Quod
347 3525 493 3588 nimium
518 3526 661 3589 dominae
686 3546 765 3588 cura
788 3525 931 3588 molesta
953 3528 1053 3588 tuest.

184 3638 219 3703 si
244 3640 342 3723 sapis,
370 3661 388 3703 o
414 3645 535 3717 custos,
563 3642 685 3717 odium,
711 3639 923 3716 mihicrede,
949 3640 1069 3702 mereri

226 3755 371 3819 Desine:
396 3777 496 3839 quem
520 3757 640 3820 metuit
665 3757 812 3838 quisque,
839 3756 965 3837 perisse
989 3754 1090 3837 cupit.
1192 3784 1223 3821 ιο

181 3870 241 3934 Vir
264 3893 393 3954 quoquc
419 3893 489 3935 non
514 3874 668 3955 sapiens:
687 3871 766 3954 quid
783 3872 874 3934 enim
891 3891 1021 3934 servare
1038 3871 1174 3946 laboret,

228 3987 322 4051 Unde
347 3988 443 4065 nihil,
471 3990 622 4070 quamvis
646 4007 715 4050 non
739 3990 863 4056 tueare,
888 3987 1001 4068 perit?

183 4100 247 4166 Sed
270 4108 363 4184 gerat
387 4105 444 4167 ille
472 4125 532 4166 suo
556 4126 684 4168 morem
708 4105 855 4166 furiosus
880 4102 987 4166 amori
