2896 4754
534 325 575 367 si>
591 326 612 367 1.
631 322 656 379 8,
675 322 723 367 63-
737 322 780 367 ee.
1173 302 1223 353 las

98 499 227 558 Tractat
247 501 408 557 iaciilrutcc
430 518 566 557 consocio
587 500 643 574 (lla
665 500 748 572 lyra,
780 499 799 555 i.
832 517 856 555 e.
889 498 983 556 etiam
1013 499 1087 556 deus
1108 501 1225 567 vatum,

32 644 36 650 -
94 607 219 680 Apollo,
243 608 327 664 amat
348 624 466 664 aurum.
490 606 583 664 Poeta
605 607 677 662 ante
693 607 796 665 oculos
811 604 920 663 habuit
934 605 1028 681 Lygd.
1043 607 1071 672 4,
1088 606 1142 664 35-
1168 607 1222 664 38;

100 714 186 771 «Ima
205 712 367 772 videbatur
392 713 462 770 talis
492 712 631 771 inludere
661 716 744 788 palla
759 759 765 770 .
783 758 789 770 .
807 759 812 769 .
829 712 912 769 Artis
943 731 1020 787 opus
1049 731 1133 780 raras,
1166 713 1222 771 ful—

93 837 172 893 gens
193 818 347 876 testudine
370 822 400 876 et
422 838 504 886 auro,
527 818 686 877 Pendebat
707 823 784 876 laeva
806 819 929 893 garrula
958 821 1044 893 parte
1066 823 1161 894 lyra»;
1184 820 1220 878 cf.

94 926 152 982 (lv.
174 925 209 982 A.
232 924 266 982 Α.
289 925 328 982 H.
351 925 410 983 loe
452 926 529 984 tat:
563 925 690 1000 «Apollo
721 926 819 984 Movit
847 927 998 983 inauratas
1028 927 1139 1001 pollice
1170 925 1223 983 fila

90 1035 197 1107 lyra.»
224 1000 430 1105 Cogitbndum
451 1033 488 1090 de
509 1032 654 1108 Apolline
671 1034 857 1101 citharoeda
875 1035 960 1092 cuius
976 1035 1076 1091 statua
1092 1053 1109 1091 a
1125 1033 1223 1108 Scopa

93 1137 180 1196 facta
200 1136 301 1196 stabat
321 1139 355 1196 in
377 1139 442 1197 aede
463 1138 619 1214 Apollinis
640 1139 776 1198 Palatini
798 1140 835 1199 ab
856 1140 995 1214 Augusto
1016 1140 1166 1198 dedicata.
1183 1177 1186 1181 -

88 1244 206 1318 patta.
224 1291 230 1302 .
247 1291 253 1302 .
270 1263 378 1316 aurea,
402 1247 501 1320 qualis
523 1247 610 1305 decet
624 1247 856 1316 citharoedum
872 1246 908 1305 cf.
925 1246 1013 1304 Rhet.
1030 1246 1069 1304 ad
1084 1247 1220 1305 Herenn.

92 1353 125 1419 4,
149 1353 205 1412 60:
232 1353 445 1412 «citharoedus
467 1373 537 1413 cum
557 1355 709 1430 prodierit
731 1356 847 1429 optime
868 1356 1006 1421 vest'tus,
1030 1357 1112 1429 palla
1134 1355 1220 1412 inau-

92 1460 190 1517 rata.»
215 1495 243 1500 —
275 1461 438 1518 tacaratoe
453 1507 459 1519 .
477 1507 482 1519 .
500 1507 506 1519 .
523 1462 608 1536 lyrae
631 1460 667 1519 cf.
690 1460 779 1536 Apul.
802 1461 883 1518 Flor.
904 1460 928 1519 Ι.
948 1481 977 1536 p.
994 1461 1061 1518 ela.
1078 1461 1114 1518 de
1130 1460 1221 1535 Apol-

95 1566 180 1625 line:
206 1568 289 1642 «lyra
310 1568 375 1625 eius
398 1586 472 1625 auro
494 1566 636 1640 fulgurat,
660 1566 751 1625 ebore
780 1567 930 1635 candicat,
962 1567 1093 1641 gemmis
1123 1567 1219 1625 varie·

94 1674 212 1745 gatar.»
237 1709 256 1714 -
297 1674 353 1749 fila
374 1675 459 1748 lyroe,
475 1674 607 1741 chordae,
631 1677 665 1731 ut
687 1672 741 1757 Ov.
757 1674 791 1731 d
813 1675 849 1731 A.
872 1674 910 1730 H.
934 1674 1002 1731 494.
1024 1708 1064 1714 --
1087 1674 1151 1744 Qut
1165 1677 1221 1733 da-

97 1780 151 1848 bit,
163 1780 216 1838 illc
231 1781 289 1838 tibi
302 1799 419 1856 mayoc
435 1783 475 1839 sit
489 1781 593 1839 maior
606 1781 752 1851 Hemesa,
768 1782 804 1840 cf.
822 1781 875 1839 Ov.
891 1780 925 1839 A.
942 1781 976 1839 A.
992 1782 1030 1839 H.
1048 1781 1116 1840 279>
1149 1781 1220 1841 280:

101 1885 187 1961 «Ipse
208 1887 281 1944 licet
300 1889 408 1946 venias
429 1888 528 1946 Musis
549 1889 715 1947 comitatus
736 1889 878 1956 Homero,
904 1886 937 1946 Si
960 1888 1041 1945 nihil
1070 1890 1218 1958 attuleris,

95 1990 165 2060 ibis,
187 1992 332 2062 Homere‚
346 1994 454 2053 foras.»
480 2030 485 2035 -
541 2015 588 2053 ros
610 2002 653 2053 cst
674 1995 839 2070 inpelliosu
862 1996 946 2063 darc,
969 1995 1004 2052 cf.
1027 1994 1109 2052 infra
1122 1995 1176 2052 HI.
1192 1996 1219 2064 8,
1242 2029 1245 2033 ,

97 2100 131 2158 3-
158 2100 194 2158 l:
230 2101 411 2174 «Ingenium
442 2103 598 2177 quondam
629 2103 730 2161 fuerat
759 2102 924 2177 pretiosius
954 2121 1037 2171 auro,
1069 2101 1109 2160 At
1139 2122 1222 2162 nunc

96 2206 270 2267 barbariast
289 2210 416 2282 grandis
438 2210 551 2269 habere
573 2211 680 2269 nihil.»

149 2314 184 2372 V.
208 2315 262 2374 632
288 2315 334 2374 66.
360 2317 424 2375 Nec
446 2323 489 2388 ta,
511 2319 630 2393 siquis
652 2320 710 2376 ecit
731 2306 844 2391 capitis
865 2317 1003 2375 uictredo
1034 2319 1221 2392 redemptas,

96 2419 244 2496 Despice:
265 2425 390 2499 pypsoti
412 2425 532 2481 aricien
553 2425 651 2482 tarrae
671 2425 769 2498 pedis,
790 2423 809 2480 i.
833 2441 857 2479 e.
882 2441 920 2480 ne
942 2421 1067 2480 libertos
1098 2420 1220 2497 quidem

96 2527 236 2602 despice;
259 2548 295 2587 ex
322 2529 412 2605 Prop.
445 2530 496 2589 IV.
529 2531 555 2597 5,
588 2529 638 2587 51-
669 2531 725 2589 52:
762 2529 838 2587 «Aut
869 2548 999 2604 quorum
1029 2530 1137 2586 titulus
1166 2546 1222 2603 per

95 2634 227 2695 barbara
256 2641 335 2696 colla
365 2637 520 2713 pependit,
554 2636 669 2695 Cretati
700 2638 802 2696 medio
833 2657 904 2695 cum
934 2641 1052 2694 saluere
1083 2630 1165 2695 for'o»
1191 2637 1221 2693 et

94 2741 161 2801 Tib.
183 2743 222 2800 H.
245 2742 272 2811 3,
296 2746 345 2802 59-
377 2745 443 2827 603
460 2762 605 2816 «regnum
627 2745 679 2801 ille
700 2746 793 2811 tenet,
818 2762 909 2818 quem
932 2762 1011 2818 saepe
1031 2743 1130 2814 coegit
1145 2741 1219 2799 Bar·

94 2850 172 2909 bara
191 2854 336 2926 gypsatos
357 2851 436 2910 ferre
458 2853 574 2910 catasta
596 2851 715 2926 pedes.»
740 2886 753 2890 --
775 2886 780 2890 -
802 2851 913 2926 capitis
934 2851 1073 2907 mercede
1103 2851 1221 2906 rodem·

91 2962 177 3031 ptus,
200 2955 345 3027 libertus3
369 2962 465 3033 rapat
487 2957 572 3014 enim
594 2957 676 3031 apud
697 2957 933 3013 iurisconsultos
954 2953 1112 3012 Romanos
1127 2953 1220 3027 signi-

94 3061 168 3120 ficat
190 3064 258 3121 iura¹
279 3063 390 3131 civilia,
414 3064 495 3121 unde
518 3065 630 3140 capitas
651 3063 836 3122 deminutio.
871 3059 988 3135 Capitis
1018 3059 1112 3132 igitur
1143 3077 1220 3117 mer-

88 3170 169 3229 -ce'de
192 3189 223 3226 se
245 3171 371 3229 redimit
402 3189 515 3236 servus,
548 3170 600 3244 qui
629 3170 750 3245 peculio
782 3170 909 3226 collecto
940 3168 1015 3224 emit
1045 3185 1063 3224 a
1094 3167 1220 3224 domino

95 3277 271 3336 libertatem
292 3279 322 3335 et
343 3277 412 3335 iura
433 3278 543 3335 civilia.
618 3277 743 3353 gypsati
758 3322 764 3334 .
782 3323 788 3335 .
806 3321 812 3333 .
828 3276 924 3348 pedis,
946 3293 1042 3348 gypso
1065 3275 1117 3330 aut
1138 3275 1221 3330 creta

96 3381 286 3441 notabantur
306 3385 399 3458 pedes
422 3402 580 3443 servorum
601 3385 758 3443 venalium
780 3386 973 3440 transmare
1004 3381 1136 3439 Romam
1168 3380 1219 3436 ad·

95 3492 254 3548 vectorum
274 3493 304 3548 st
318 3491 352 3548 in
367 3492 484 3549 catasta
498 3492 726 3565 expositorum
749 3490 785 3547 cf.
802 3488 881 3546 Plin.
898 3489 933 3546 N.
949 3487 987 3545 H.
1003 3486 1128 3545 XXXV.
1149 3487 1219 3545 199:

101 3599 201 3654 «creta
216 3642 222 3654 .
240 3642 245 3654 .
264 3643 269 3653 .
287 3615 346 3671 qua
367 3597 482 3655 circum
503 3597 678 3672 praeducere
701 3597 740 3654 ad
764 3595 899 3655 vietoriae
929 3599 1036 3653 notam
1067 3593 1219 3669 pedesque

96 3704 254 3763 venalium
276 3707 362 3763 trans
384 3724 469 3763 mare
492 3705 686 3764 advectorum
718 3704 864 3763 denotare
893 3703 1096 3760 instituerunt
1124 3702 1219 3758 maio·

96 3831 168 3870 res.
186 3858 192 3869 .
210 3857 215 3868 .
232 3813 326 3869 talem
347 3813 381 3870 in
403 3814 521 3871 catasta
541 3813 645 3870 videre
668 3811 902 3887 Chrysogonum
919 3808 1035 3867 Sulla.»
1055 3843 1068 3848 --
1109 3814 1221 3864 ceteras

98 3921 218 3976 circam
239 3921 323 3977 atria
344 3939 431 3990 ccam,
452 3920 604 3993 imagines
626 3938 720 3977 cereae
735 3919 887 3975 maiorum
902 3917 936 3973 in
952 3916 1038 3973 atriis
1053 3911 1219 3982 nobilium;

96 4028 199 4084 locum
227 4027 367 4085 imitatur
386 4026 454 4086 Juy.
478 4029 504 4094 8,
531 4028 581 4085 19-
609 4027 665 4085 XO:
701 4026 793 4085 «Tota
823 4026 895 4082 licet
924 4027 1041 4081 veteres
1072 4021 1221 4079 exornent

94 4132 235 4206 undique
257 4151 333 4192 cerae
355 4134 468 4192 Atria.»
487 4170 504 4174 --
519 4168 527 4173 -
542 4134 662 4192 circam
677 4135 770 4204 atrio,
786 4151 822 4190 ex
837 4131 1013 4189 coniectura
1028 4129 1063 4186 N.
1078 4126 1219 4195 Heinsii3

152 4245 325 4301 Nemeam-1).
343 4249 423 4293 Ouidii
436 4251 545 4292 Nasonis
560 4250 671 4291 Antores.
1096 4244 1111 4292 9
