2896 4754
523 373 658 416 AMORUM
677 372 711 416 11.
735 369 776 418 12.

622 603 696 666 XII.

184 781 234 846 Ito
256 783 478 865 triumphales
503 784 627 846 circum
650 803 725 845 mea
748 787 900 863 tempora
924 785 1055 846 laurus!

229 899 397 962 Vicimus:
422 899 459 962 in
482 902 639 976 nostrast,
667 919 750 975 ecce,
778 897 925 963 Corinna
949 901 1035 975 sinu,

184 1012 293 1090 Quam
304 1014 363 1088 vir,
379 1033 479 1095 quam
496 1018 616 1089 custos,
632 1034 731 1095 quam
748 1014 849 1077 ianua
865 1012 968 1089 firma,
983 1016 1033 1077 tot
1049 1015 1172 1088 hostes,
1187 1024 1190 1028 ’
1256 1062 1259 1068 .

231 1128 420 1206 Sumebant,
446 1150 556 1211 nequa
579 1132 693 1211 posset
717 1130 757 1192 ab
782 1133 851 1193 arte
876 1130 959 1211 capi.

182 1243 264 1308 Haec
288 1250 338 1310 est
360 1246 530 1327 praecipuo
553 1245 693 1309 victoria
716 1244 817 1327 digna
839 1245 1020 1327 triumpho
1204 1273 1218 1310 a

228 1361 269 1424 In
293 1381 366 1443 qua,
394 1363 649 1443 quaecumquest,
676 1362 838 1442 sanguine
862 1360 974 1442 praeda
997 1365 1096 1424 caret.

184 1476 259 1540 Non
282 1477 427 1540 humiles
452 1478 549 1552 muri,
575 1497 645 1540 non
668 1479 780 1559 parvis
805 1477 929 1558 oppida
952 1477 1051 1539 fossis

169 1592 173 1597 ’
230 1589 354 1668 Cincta,
381 1590 439 1654 aed
463 1595 513 1655 est
538 1590 639 1655 ductu
663 1597 760 1674 capta
782 1592 895 1673 puella
917 1612 1003 1655 meo.

182 1706 344 1788 Pergama
367 1726 442 1770 cum
467 1707 623 1771 caderent
645 1707 733 1770 bello
758 1710 913 1788 superata
935 1707 1077 1779 bilustri,

227 1821 277 1883 Ex
298 1823 349 1884 tot
372 1821 408 1884 in
431 1821 556 1884 Atridis
580 1843 658 1904 pars
683 1827 785 1904 quota
806 1821 915 1885 laudis
940 1825 1033 1884 arat?
1189 1849 1217 1888 ιο

184 1937 228 2001 At
250 1959 325 2002 mea
349 1939 528 2020 sepositast
553 1942 584 2001 et
609 1938 649 2001 ab
674 1939 767 2000 omni
790 1939 896 2001 milite
922 1936 1045 2000 dissors

228 2051 351 2129 Gloria,
378 2074 440 2116 neo
463 2054 602 2116 titulum
625 2053 775 2115 muneris
800 2053 884 2115 alter
906 2052 1025 2116 habet:

181 2167 236 2232 Me
260 2167 342 2233 duce
367 2169 409 2232 ad
432 2171 519 2232 hanc
542 2170 612 2232 voti
634 2168 745 2243 finem,
770 2190 824 2231 me
847 2169 954 2231 milito
977 2169 1071 2242 veni3

145 2356 153 2367 ι
226 2284 301 2366 Ipse
326 2304 435 2365 aquea,
461 2285 534 2365 ipse
558 2283 667 2366 pedes,
695 2284 834 2364 signifer
856 2284 927 2364 ipae
951 2283 1010 2345 fui.

180 2397 248 2462 Noc
272 2418 386 2462 casum
410 2400 546 2462 fortuna
569 2399 653 2461 meis
676 2398 849 2461 inmiscuit
873 2396 974 2460 actis:
1187 2426 1215 2464 ιε

225 2513 302 2576 Huc
325 2514 414 2590 ades,
442 2534 460 2576 o
486 2534 565 2577 cura
588 2517 681 2597 parte
706 2515 884 2595 Triumphe
908 2514 1003 2577 mea!

181 2629 247 2694 Nec
271 2631 384 2694 bellist
407 2652 496 2695 nova
520 2651 620 2694 causa
643 2633 728 2694 mei:
753 2630 819 2693 nisi
844 2633 939 2710 rapta
962 2629 1081 2691 fuisset

226 2746 396 2829 Tyndaris
422 2747 564 2829 Europos
588 2769 652 2830 pax
674 2748 825 2828 Asiaeque
851 2749 953 2823 foret;

180 2860 321 2926 Femina
344 2864 508 2928 silvestris
532 2865 692 2946 Lapithas
717 2865 943 2946 populumque
968 2864 1142 2927 biformem

226 2978 380 3060 Turpiter
403 2978 556 3060 adposito
580 2981 679 3043 vertit
702 2981 738 3043 in
763 3000 855 3044 anna
877 2999 989 3055 mero;
1187 3006 1216 3046 ac

180 3093 321 3159 Femina
345 3096 506 3158 Troianos
529 3097 652 3159 iterum
675 3117 763 3159 nova
786 3095 873 3158 bella
896 3115 1027 3158 movere

224 3211 354 3293 Inpulit
377 3213 413 3275 in
438 3232 551 3293 regne,
576 3212 662 3275 iuste
687 3212 817 3285 Latine,
841 3215 919 3285 tuo;

177 3323 321 3391 ’Femina
344 3327 507 3390 Romanis
532 3328 724 3412 etiamnunc
749 3328 835 3392 Urbe
859 3327 984 3390 recenti

225 3441 360 3506 Inmisit
385 3463 517 3506 soceros
542 3464 698 3525 armaque
724 3464 810 3506 saeva
835 3442 935 3504 dedit.

180 3555 258 3620 Vidi
283 3579 343 3640 ego
366 3579 427 3642 pro
452 3559 551 3622 nivea
574 3563 763 3640 pugnantes
788 3560 928 3639 coniuge
952 3562 1085 3620 tauros:
1187 3584 1216 3622 aa

227 3671 411 3756 Spectatrix
434 3674 565 3737 animos
589 3675 663 3756 ipsa
685 3675 825 3738 iuvenca
849 3674 956 3736 dabat

180 3785 236 3852 Me
260 3809 399 3872 quoque,
427 3790 483 3872 qui
507 3789 640 3864 multos,
668 3789 726 3852 sed
749 3811 801 3852 mc
827 3790 899 3853 sino
923 3786 1009 3851 caede
1035 3784 1161 3868 Cupido

225 3904 329 3968 Iussit
352 3906 481 3969 militias
507 3906 603 3987 signa
626 3925 758 3967 movere
784 3926 860 3967 suae.
