2896 4754
159 335 211 389 989
520 354 761 399 suuorsrrouus
779 351 923 399 omnen.

213 529 264 588 VI.
288 530 336 588 28.
356 530 459 606 fiunt:
481 529 593 604 scripsi
613 563 653 570 ψ
673 529 774 605 fiant:
796 527 927 588 codices.
949 529 1054 588 Minus
1076 533 1149 605 apia
1171 531 1300 605 positus

157 635 280 695 videtur
301 636 526 706 coniunctivus,
548 655 619 695 cum
641 634 793 711 pracedat
816 636 870 712 (vs.
894 637 955 714 97.)
976 638 1095 698 υἱυιιητ.

212 743 281 802 VH.
312 742 358 802 94.
392 742 451 801 Per
481 745 609 803 doctas.
626 788 632 801 .
649 788 656 801 .
671 760 811 802 manas:
840 743 965 818 vulgata
994 743 1104 813 leeli0;
1137 744 1299 804 Perdocta

158 859 201 910 cst
216 897 222 909 .
240 895 246 909 .
263 896 269 910 .
285 868 402 907 manus
414 870 424 908 .·
446 847 492 908 Pa
513 883 553 890 -
574 848 754 908 Perductusi
769 895 776 908 .
793 895 800 908 .
817 896 823 909 .
840 869 942 909 mauu
954 872 964 910 .·
984 850 1074 909 Riese
1097 853 1128 909 ei
1148 849 1299 909 Ehwald.

159 958 267 1032 Inepte
288 956 439 1030 repetitur
459 961 512 1026 est,
535 973 605 1014 cum
625 954 781 1030 pracedat
802 954 857 1031 (vs.
882 955 944 1037 23.)
966 958 1060 1018 illast.

212 1063 266 1123 IX.
288 1063 336 1121 36.
360 1062 411 1120 hic
426 1107 433 1122 .
449 1106 456 1121 .
472 1105 479 1120 .
495 1062 595 1136 facit:
616 1060 737 1120 codices
760 1063 872 1121 -hccc
888 1107 894 1121 .
912 1108 918 1120 .
935 1108 942 1122 .
958 1062 1109 1139 facit:N.
1125 1062 1301 1131 Heinsius,

159 1167 241 1246 quod
261 1187 326 1227 non
347 1169 394 1226 est
414 1169 640 1238 necessarium
662 1169 742 1243 facit
763 1168 848 1225 enim
869 1167 1017 1227 hocloco
1046 1166 1132 1227 idem
1163 1169 1236 1227 fere
1260 1170 1302 1226 si-

158 1274 293 1350 guificat,
316 1273 399 1350 quod
419 1273 508 1333 valet.
531 1274 579 1333 51.
602 1279 791 1349 reparatam:
811 1273 836 1332 P
858 1294 897 1333 m.
921 1294 943 1333 s.
967 1309 1007 1316 -
1030 1274 1154 1350 Cupido
1170 1297 1181 1336 .·
1208 1276 1236 1335 P
1258 1295 1301 1334 m.

158 1404 187 1459 p.
210 1385 242 1442 ei
262 1382 381 1441 codices
402 1381 523 1457 reliqui,
540 1380 600 1439 sed
618 1382 729 1456 iuopia
749 1383 797 1439 esi
816 1380 960 1457 repeiih'o
981 1382 1122 1442 nominis
1151 1385 1232 1458 posi
1253 1402 1301 1441 vs.

158 1489 216 1558 47„
238 1487 291 1547 ubi
312 1491 404 1565 poeta
425 1488 489 1548 iam
511 1489 661 1548 allocutus
682 1491 729 1548 esi
751 1487 944 1564 Cupidinem.

212 1596 266 1654 XI.
287 1591 317 1656 9.
344 1596 469 1667 Oscum:
492 1598 601 1673 scripsi
622 1600 662 1638 —'
687 1595 792 1666 Quia:
814 1595 944 1657 codices.
967 1598 1073 1656 Minus
1095 1599 1169 1672 apte
1193 1598 1304 1670 iungi·

160 1707 209 1762 lur
245 1702 328 1773 Quas
367 1722 437 1762 cum
468 1705 561 1763 timeo
593 1721 693 1779 neque
724 1702 871 1762 idoneum
901 1703 997 1763 efficii
1027 1721 1164 1762 sensum.
1201 1705 1305 1764 Poeta

159 1812 231 1868 anie
253 1811 356 1870 oculos
378 1808 523 1869 habuisse
543 1809 667 1869 videtur
692 1811 780 1886 Prop.
814 1811 855 1870 H.
888 1811 936 1882 26,
970 1811 1005 1871 7:
1031 1811 1157 1882 «Quam
1192 1812 1302 1881 timui,

159 1936 198 1976 ne
220 1917 298 1976 forie
320 1922 407 1976 tuum
430 1937 515 1977 mare
537 1935 652 1981 nomen
673 1918 827 1980 heberei.»
854 1919 900 1977 21.
924 1925 976 1978 at:
997 1918 1121 1993 vulgata
1141 1919 1245 1977 lectio
1260 1952 1304 1958 ——

159 2029 221 2084 ccl:
243 2023 297 2083 PS.
321 2025 368 2083 22.
393 2028 551 2085 credenti:
572 2025 696 2099 vulgata
715 2024 807 2083 lectio
826 2059 866 2067 —-
881 2027 1055 2100 quaerenti:
1069 2025 1101 2083 P.
1118 2023 1304 2099 Utrobique

159 2131 384 2206 praeferendam
419 2150 485 2189 esse
519 2133 677 2206 vulgatam
710 2134 877 2192 lectionem
911 2134 1011 2209 primo
1043 2133 1149 2190 statim
1185 2130 1304 2191 obtutu

159 2241 295 2313 apparel.
323 2239 369 2297 25.
401 2257 483 2314 qua:
513 2240 548 2299 N.
580 2239 745 2310 Heinsius;
778 2241 874 2315 qaia:
905 2240 929 2298 P
960 2275 1000 2281 —
1030 2258 1122 2298 cum:
1155 2237 1301 2314 Gruppe.

135 2362 138 2368 ·
161 2345 345 2405 Coniectura
364 2343 489 2402 Heinsii
510 2345 587 2422 (quc
603 2371 638 2396 =
654 2345 719 2423 ubi)
741 2348 894 2420 optimum
916 2345 1011 2404 efficii
1032 2363 1160 2403 sensum
1177 2347 1210 2403 ei
1225 2365 1300 2420 pro·

159 2451 240 2509 xime
262 2448 381 2508 accedit
402 2449 440 2508 ad
461 2450 598 2508 Parisini
618 2451 792 2509 lectionem.

213 2556 299 2615 XIH.
327 2556 370 2614 18.
396 2559 516 2631 cappa:
539 2558 648 2631 scripsi
673 2590 709 2598 —
743 2557 857 2633 lippit:
886 2557 1014 2616 codices.
1046 2557 1147 2616 Locus
1172 2559 1300 2618 concla-

160 2665 277 2721 matus!
298 2663 396 2721 Plana
417 2661 497 2720 fiunt
518 2651 632 2732 ornnia,
656 2665 682 2720 si
703 2663 740 2721 de
763 2663 827 2722 aede
848 2662 939 2723 isidis
961 2665 995 2721 in
1027 2662 1144 2738 Campo
1176 2664 1299 2723 Mariio

161 2772 219 2828 sila
241 2771 419 2844 cogitamus,
442 2790 508 2846 quae
529 2770 651 2846 Ioseph.
681 2770 749 2830 bell.
780 2770 847 2829 Iud.
879 2770 948 2831 VH.
984 2769 1048 2839 123,
1080 2770 1218 2829 Martial.
1254 2772 1299 2831 IL

163 2880 207 2938 111.
232 2878 259 2949 7,
281 2877 369 2953 Apul.
392 2879 465 2938 Mei.
487 2879 542 2936 XI.
565 2879 613 2949 96,
637 2877 720 2940 Cass.
742 2879 791 2939 Di.
821 2878 931 2938 LXVI.
962 2879 1008 2939 94.
1041 2877 1068 2949 9,
1099 2878 1183 2936 Hist.
1216 2879 1300 2952 Aug.

159 2987 245 3045 Alex.
268 2983 334 3044 Sev.
358 2985 404 3044 96.
428 2985 455 3054 8,
478 2984 604 3060 Eutrop.
627 2984 693 3044 VH.
717 2985 764 3044 23.
788 2986 817 3044 5.
839 2986 1106 3043 commemoratur.
1129 2982 1174 3042 Os.
1199 3002 1301 3060 supra

160 3091 231 3150 adn.
255 3110 338 3165 exeg.
362 3090 400 3148 ad
422 3091 451 3147 h.
474 3092 493 3148 l.

213 3197 278 3264 XV.
305 3198 349 3256 11.
372 3197 397 3255 si
420 3198 550 3272 eripiam
570 3199 729 3258 dominae:
751 3198 878 3271 scripsi;
908 3202 937 3256 te
967 3198 1097 3272 capiam
1126 3196 1299 3256 dominre:

159 3302 207 3363 PS
228 3338 267 3343 -‹
289 3309 317 3362 te
339 3304 477 3377 cupium,
500 3305 640 3374 domina,
663 3309 713 3361 et:
741 3300 874 3376 Madvig.
904 3301 1105 3361 Desideratus
1133 3303 1301 3361 sententia

160 3410 370 3486 hypothetica,
393 3427 522 3484 quacum
543 3408 733 3483 iungendum
755 3407 810 3483 (vs.
837 3406 896 3483 13.)
918 3409 1038 3468 Elabar
1058 3409 1167 3482 capito.
1192 3407 1244 3468 19.
1261 3409 1301 3468 Si

161 3518 290 3574 trahar:
312 3517 439 3591 scripsi;
462 3513 498 3574 Sl
519 3516 639 3574 dabor:
662 3513 781 3573 codices
803 3548 843 3554 --—
863 3513 915 3599 Sit
936 3515 1045 3574 labor:
1066 3511 1206 3572 Ehwald.
1242 3516 1299 3574 Iu-

160 3621 287 3695 lellege:
310 3625 337 3680 si
357 3624 458 3698 puella
479 3642 528 3681 me
552 3624 646 3696 digito
669 3621 831 3681 detrahere
851 3622 904 3681 vol
921 3624 943 3680 t.
967 3622 1012 3680 94.
1036 3621 1092 3680 sub
1115 3639 1300 3696 paramum:

159 3728 314 3787 Lucienus
334 3731 464 3789 Mueller
486 3765 524 3774 —
545 3732 601 3790 sub
623 3748 767 3806 pamma:
790 3728 920 3788 codices.
948 3729 1053 3804 perfer
1082 3729 1212 3789 cunta:
1246 3748 1298 3788 co·

161 3836 243 3894 dices
264 3871 304 3876 —
325 3837 373 3911 fer
389 3840 572 3913 pereuntis:
593 3837 706 3896 Deusa.
728 3834 838 3909 Agiiur
860 3835 897 3893 de
920 3834 1045 3903 damno,
1078 3850 1136 3907 quo
1169 3852 1301 3908 gemma

162 3943 294 4002 afficitur
315 3965 394 4021 aqua
416 3945 573 4004 subeunte.

214 4053 295 4113 XVI.
316 4053 385 4112 Vss.
408 4054 536 4113 95Μ96.
557 4054 661 4110 versui
682 4051 729 4112 23.
758 4051 913 4126 praeponii
942 4047 1078 4118 Ehuald,
1113 4046 1196 4121 quod
1230 4068 1298 4107 non

160 4163 207 4219 est
237 4162 453 4221 necessarium.
485 4161 531 4218 25.
564 4177 662 4235 quas:
693 4159 820 4233 scripsi;
842 4175 926 4232 qua:
948 4154 973 4213 P
993 4189 1033 4197 —-
1053 4172 1145 4230 quae:
1168 4152 1198 4213 S.
1223 4153 1300 4213 Mea
