2896 4754
566 323 607 367 m
623 323 658 369 n
679 322 718 382 10,
738 323 824 368 1-1a.

278 498 333 550 Aut
355 498 379 549 si
398 497 471 550 forto
491 498 566 550 irata
586 515 650 551 mco
671 499 710 550 sit
728 498 804 551 facta
821 498 969 562 ministro,

309 587 347 638 Ut
367 587 438 639 sciat
457 603 520 640 osso
542 587 638 651 aliam,
659 604 722 655 quae
741 588 811 641 velit
831 605 893 640 esso
912 605 986 641 mea.

273 675 347 726 Nam
366 676 472 728 melius
493 677 549 728 duo
569 677 727 730 defendunt
746 676 907 730 retinacula
925 679 1032 741 navim,

310 763 413 816 Tutius
432 767 460 818 et
480 765 612 833 geminos
632 765 719 817 anxia
736 769 830 819 mater
849 767 909 819 alit.

117 881 176 981 En
198 924 305 984 codem
327 925 481 1002 Propertii
514 925 652 984 carmine
683 926 772 1001 plura
805 944 924 1002 quoquo
947 928 1079 1003 sumpsit
1100 931 1199 1003 pocta,
1223 930 1256 986 ut

120 1029 211 1088 infra
230 1031 265 1088 in
287 1029 538 1090 adnotationibus
561 1031 746 1092 docebimus,
769 1033 922 1091 Praeberea
936 1035 1109 1108 comparari
1125 1037 1256 1109 possunt·

120 1136 222 1196 Anth.
244 1135 307 1195 Pal.
329 1136 400 1196 XH.
423 1138 470 1206 88,
495 1139 541 1197 89.
565 1140 596 1195 et
617 1138 665 1197 91.

182 1457 217 1517 V.
244 1457 285 1514 1—
301 1458 329 1517 d.
356 1457 509 1528 Groecinc,
532 1455 564 1516 G.
587 1457 778 1532 Pomponius
801 1457 968 1528 Graecinus,
1003 1458 1105 1518 Ovidii
1127 1461 1254 1529 amicus,

123 1582 153 1623 a.
175 1583 205 1639 p.
228 1563 299 1623 Chr.
322 1584 352 1625 n.
378 1565 423 1623 16.
446 1565 552 1623 consul
573 1564 726 1634 suffocans,
750 1564 788 1622 ad
810 1584 901 1641 quem
923 1567 1043 1641 scriptas
1066 1569 1139 1624 suni
1160 1568 1253 1626 ctiam

124 1671 215 1730 Poni.
238 1671 262 1730 Ι.
286 1672 323 1742 6;
346 1671 387 1729 Π.
410 1674 448 1741 6;
471 1671 524 1730 IV.
547 1672 574 1731 9.
661 1671 728 1731 Uno
738 1690 829 1748 posse
844 1673 984 1748 aliquem
998 1678 1257 1748 temporcaruurc

126 1781 220 1850 (luas,
244 1777 446 1853 quaesbionem
469 1780 563 1835 ctiam
584 1779 619 1835 in
639 1780 726 1854 poesi
749 1779 863 1837 erotica
894 1778 1071 1838 Graecorum
1092 1782 1256 1839 bractaiam

125 1885 222 1943 fuisso
244 1884 390 1944 docemur
411 1886 554 1945 Aristaen.
576 1886 674 1962 Epist.
697 1887 737 1946 H.
763 1887 817 1946 11:
850 1883 1036 1965 ἐβουλόμην,
1068 1882 1162 1966 εἴπερ
1187 1880 1257 1946 οἷόν

124 2011 159 2050 τε
182 1985 226 2073 ἢν,
248 1989 321 2057 τοὺς
342 1988 514 2071 ἐρωτικοὺς
535 1987 672 2058 ἅπαντας
693 1989 887 2073 διερωτῆυαε
907 1985 982 2052 καθ’
1002 1989 1146 2065 ἕκαστον,
1169 1990 1257 2060 εἴτις

128 2091 230 2158 αὐτῶν
259 2095 521 2178 ἐπαμφοτερίζον
551 2091 601 2176 ὑφ’
623 2095 678 2157 ἕνα
708 2097 820 2178 καιρὸν
840 2096 929 2158 δυοῖν
949 2095 1168 2177 περιπέπτωκε
1189 2098 1254 2180 ρι’).-

126 2224 224 2282 τροις.
246 2239 265 2245 -
279 2239 286 2244 -
302 2222 363 2280 por
384 2213 412 2262 tc
434 2208 604 2280 deprensus
626 2206 765 2275 inermis,
789 2206 861 2279 quia
881 2205 982 2264 verbis
1004 2206 1065 2265 iuis
1097 2206 1256 2265 confidens

125 2330 193 2369 non
215 2312 289 2369 sabis
312 2314 419 2370 cautus
441 2312 486 2369 fui
509 2310 654 2370 adversus
676 2312 801 2387 laqueos
824 2313 937 2370 amoris
959 2312 1159 2389 duplicis.
1190 2323 1256 2373 uw—

123 2418 186 2493 μου,
207 2418 303 2493 pudet
324 2420 408 2477 enim
429 2422 554 2495 poetam
576 2420 650 2478 duas
673 2439 785 2479 amare.

182 2526 218 2585 V.
240 2528 327 2585 5-6.
351 2545 486 2601 operosae
508 2528 643 2586 cultibus
665 2528 776 2597 ambuc,
788 2529 917 2603 utraque
932 2529 1069 2587 maxima
1090 2548 1160 2586 cum
1182 2548 1254 2586 cura

125 2651 160 2690 se
183 2638 280 2692 ornat.
363 2635 500 2707 Artibua
523 2635 695 2704 saltatione,
719 2638 812 2693 cantu
834 2638 864 2694 eb
879 2635 988 2694 ceteris
1003 2635 1127 2703 artibus,
1145 2634 1254 2710 quibus

123 2740 235 2814 puellae
256 2742 340 2799 viros
363 2743 508 2817 capiunt;
525 2743 561 2803 cf.
584 2744 674 2820 Prop.
697 2744 722 2802 Ι.
745 2745 772 2810 3,
799 2744 843 2803 13.
867 2743 918 2821 (de
939 2742 1105 2820 Cynthia):
1133 2742 1253 2800 «multis

124 2845 218 2904 decus
241 2848 372 2907 urbibus»
399 2853 430 2908 ot
450 2849 491 2909 H.
515 2850 541 2918 3,
568 2850 694 2909 17-22.
718 2849 768 2926 (do
791 2849 931 2926 cadem):
958 2848 1056 2924 «quod
1076 2850 1178 2925 posito
1193 2850 1252 2908 for·

114 2950 211 3011 'mose
234 2955 326 3011 salici
347 2955 467 3023 Iaccho,
490 2955 563 3028 Egic
584 2959 619 3013 ui
650 2955 801 3013 cubantes
834 2955 895 3012 dux
915 2954 1052 3013 Ariadna
1072 2954 1192 3017 choros,
1214 2953 1254 3012 Et

126 3061 277 3133 quandum
297 3058 404 3118 Aeolio
426 3079 496 3118 cum
516 3063 650 3137 temptat
671 3063 809 3119 carmina
838 3061 963 3136 plectro
986 3061 1046 3118 Par
1066 3061 1253 3136 Aganippea

91 3213 94 3217 .
125 3163 230 3223 ludere
262 3165 352 3225 docta
372 3167 454 3243 lyrae,
477 3169 517 3226 Et
538 3188 593 3227 sua
620 3188 689 3227 cum
712 3171 845 3244 antiqua
878 3168 1035 3227 conmibiib
1059 3170 1175 3244 scripta
1196 3168 1253 3227 Co-

125 3270 255 3330 rinna».
277 3271 324 3329 De
346 3273 459 3330 talibus
481 3273 598 3331 artibus
621 3276 721 3348 agitur
743 3275 797 3334 Ov.
818 3274 854 3333 A.
876 3274 912 3333 A.
934 3274 993 3333 ΙΠ.
1017 3274 1083 3333 315.
1107 3292 1172 3348 sqq.

179 3378 217 3438 V.
240 3379 267 3439 9.
290 3381 410 3439 Errant
431 3388 467 3440 at
487 3384 587 3440 ventis
619 3384 813 3443 discordibus
845 3390 917 3441 actu
947 3384 1097 3456 plcosclos,
1123 3381 1253 3440 candem

125 3485 363 3545 similitudinem
384 3489 418 3545 in
441 3488 548 3546 eadem
569 3508 602 3546 re
624 3489 687 3547 iam
707 3490 742 3547 in
765 3488 872 3547 Graeca
892 3490 979 3564 poesi
1001 3490 1168 3548 occurrisse
1201 3489 1252 3548 do-

73 3581 76 3586 ’
124 3609 229 3650 cemur
250 3593 392 3654 Arisiaen.
414 3595 512 3671 Epist.
535 3597 577 3656 ΙΙ.
603 3598 657 3656 11:
681 3593 771 3657 ἕοεκα
790 3593 866 3675 γοῦν
886 3593 1059 3677 κυβερνήτῃ
1082 3593 1141 3657 ὑπὸ
1165 3594 1252 3656 ὃυοῖν

123 3696 306 3779 πνευμάτων
327 3692 557 3782 ἀπειλημμένον,
574 3701 630 3762 τοῦ
651 3700 709 3783 μὲν
730 3698 824 3763 ἔνθεν
844 3701 900 3762 τοῦ
923 3699 964 3797 ddi
976 3697 1069 3762 ἔνθεν
1084 3700 1254 3783 ἑστηκότος

122 3803 174 3865 καὶ
195 3802 271 3884 περὶ
301 3807 353 3886 τῆς
374 3810 450 3874 νεῶς
471 3807 665 3891 μαχομένων,
688 3806 740 3870 ἐπὶ
761 3802 905 3870 τάναντία
927 3806 984 3889 μὲν
1005 3806 1059 3890 τὴν
1079 3805 1252 3872 θάλασσαν

121 3908 300 3985 ὠθούντων,
323 3908 370 3974 ἐπ’
392 3907 560 3995 ἀμφότερα
583 3914 620 3976 δὲ
642 3914 695 3995 τὴν
715 3915 788 3997 μίαν
810 3915 884 3976 ναῦν
905 3915 1105 3978 ἐλαυνόντων.
1171 3921 1254 3992 μυο-

80 4044 84 4049 ’
121 4021 207 4090 celos,
230 4040 329 4096 genus
351 4023 438 4080 navis
460 4042 572 4098 parva).
1002 4027 1004 4031 ’

174 4126 210 4186 V.
239 4127 363 4187 11--1n
386 4130 535 4205 Ενμοοάα,
558 4131 663 4189 Venus
686 4131 723 4189 ab
747 4131 854 4206 Eryco,
885 4134 991 4190 monte
1015 4134 1044 4189 eb
1066 4130 1182 4207 oppido
1206 4131 1250 4189 Si-
