2896 4754
525 351 660 394 AMORUM
679 352 700 394 1.
722 349 792 394 3-4.

137 585 139 590 .
233 528 392 610 Virginea
415 527 524 590 tenuit
549 547 673 590 oornua
697 546 776 588 vara
799 547 921 589 manu:

188 645 255 708 Nos
281 664 410 726 quoque
434 664 494 724 per
516 646 626 706 totum
649 642 774 724 pariter
797 643 1006 706 cantabimur
1030 645 1152 711 orbem.
1191 669 1219 711 11

233 759 413 841 quotaque
438 779 569 840 semper
594 762 691 820 erunt
714 757 853 820 nomina
877 764 992 822 nostra
1015 761 1091 823 tuis.

633 1041 687 1104 IV.

188 1223 246 1288 Vir
269 1228 346 1286 tuus
371 1227 421 1285 est
446 1223 560 1304 epulas
586 1213 693 1284 nobisx
707 1221 858 1284 aditurus
884 1221 1035 1285 easdem:

232 1338 359 1402 Ultima
383 1358 477 1400 ooena
499 1340 558 1400 tuo
584 1337 635 1412 sit,
661 1357 788 1417 precor,
813 1336 873 1398 illa
895 1337 977 1400 vire.

187 1453 273 1534 Ergo
299 1471 359 1532 ego
385 1452 539 1515 dilectam
561 1455 695 1515 tantum
719 1452 859 1515 conviva
882 1452 1029 1533 puellam

231 1567 447 1650 Adspiciam?
471 1568 563 1648 tangi
588 1587 686 1649 quem
710 1567 810 1642 iuvet,
837 1567 921 1629 alter
949 1567 1020 1642 erit,

185 1684 397 1765 Alteriusque
422 1683 516 1745 sinus
541 1686 615 1763 apte
641 1672 789 1745 subies-ta
812 1682 967 1744 fovebis?

231 1797 350 1861 lnieiet
374 1799 471 1872 colle,
496 1817 570 1860 eum
595 1798 694 1873 volet,
719 1798 776 1860 ille
801 1800 964 1860 manum?

186 1913 310 1977 Desine
333 1914 457 1989 mirari,
483 1913 593 1995 posito
618 1912 706 1994 quod
734 1911 875 1976 eandida
897 1913 976 1974 vino

231 2030 359 2093 Atracis
377 2029 550 2110 ambiguos
566 2028 665 2091 traxit
681 2028 718 2090 in
735 2048 828 2090 arma
843 2028 950 2102 viros:
1013 2030 1170 2105 [haerentt

186 2145 253 2208 Neo
275 2145 365 2208 mihi
384 2145 468 2208 silva
492 2143 619 2219 domus,
645 2164 706 2206 neo
731 2163 815 2225 equo
839 2163 914 2206 mea
946 2143 1095 2206 membra
1119 2164 1171 2206 oo·

229 2260 291 2324 Vix
315 2264 384 2323 ate
400 2259 515 2323 videor
537 2279 635 2341 posse
659 2256 772 2322 tenere
796 2279 926 2322 manus.
1187 2288 1215 2325 ιο

187 2372 266 2451 Quae
288 2374 351 2437 tibi
375 2374 443 2438 sint
467 2373 620 2436 facienda
642 2377 765 2448 tamen,
793 2393 1026 2454 eognoseenee
1050 2373 1148 2436 Euris

229 2488 280 2551 Da
302 2509 377 2552 mea
400 2509 461 2551 nee
484 2488 606 2570 tepidis
629 2488 730 2551 verba
752 2488 888 2551 ferenda
911 2488 1025 2552 Notis!

183 2604 269 2666 Ante
293 2602 387 2689 veni,
406 2622 506 2684 quam
527 2603 598 2667 vir!
622 2624 683 2665 neo
707 2601 795 2685 quid,
822 2604 850 2665 si
873 2603 1003 2666 veneris
1028 2605 1115 2678 ante,

229 2674 424 2798 Posst‘a'gi,
450 2716 555 2793 video,
582 2716 640 2780 sed
662 2721 776 2781 tamen
801 2719 997 2781 anteveni!

183 2832 266 2898 Cum
281 2839 410 2916 premet
426 2835 483 2897 ille
498 2838 619 2911 torum,
637 2836 732 2898 vultu
748 2854 858 2898 eomes
881 2835 955 2917 ipsa
970 2834 1121 2898 modest-0
1186 2863 1213 2899 15
1263 2822 1265 2826 ¹

228 2949 306 3026 Ibis,
330 2953 368 3012 ut
392 2950 575 3025 aeoumbas,
602 2951 688 3013 elam
710 2951 795 3013 mihi
817 2953 917 3030 tange
941 2949 1077 3032 pedem3

183 3065 236 3129 Me
261 3070 374 3148 specta
396 3070 563 3147 nutusque
586 3086 680 3129 meos
704 3066 897 3148 vultumque
922 3067 1105 3148 loquacem,

226 3181 346 3263 Excipe
370 3182 510 3244 furtivas
535 3185 567 3244 et
590 3182 677 3244 refer
700 3182 773 3262 ipsa
796 3184 913 3245 notas!

181 3296 289 3361 Verbu
314 3297 500 3378 superciliis
525 3297 596 3359 sine
620 3315 700 3359 voce
723 3297 896 3379 loquentia
921 3297 1046 3361 dicam:

225 3411 333 3476 Verba
357 3413 446 3494 leges
471 3412 594 3493 digitis,
620 3412 720 3475 verba
743 3416 858 3476 notata
882 3435 983 3477 mere.
1184 3443 1212 3480 1ο

182 3523 265 3620 {lum
288 3527 350 3590 tibi
374 3532 541 3590 sueeurret
563 3527 704 3592 Veneris
728 3528 864 3593 lascivia
887 3534 1018 3604 nostrae,
1082 3563 1085 3567 ²

223 3642 409 3724 Purpureas
433 3646 547 3707 tenero
571 3645 693 3727 pollice
717 3649 815 3727 tange
841 3666 959 3727 genas3
1036 3673 1058 3731 j

182 3753 298 3839 Siquid
322 3759 392 3836 erit,
418 3758 458 3822 de
482 3780 535 3822 me
558 3761 661 3823 taeita
685 3760 773 3842 quod
795 3765 905 3824 mente
930 3763 1087 3845 queraris,

224 3872 369 3937 Pendeat
393 3880 539 3939 extrema
561 3876 674 3939 mollis
699 3877 740 3953 ab
765 3897 842 3939 aure
865 3897 1004 3951 manus3

183 3984 266 4050 Oum
282 3989 351 4066 tibi,
367 4010 438 4071 quae
454 3992 584 4067 faciam,
599 4011 674 4054 mea
689 3991 755 4067 lun,
773 3991 929 4067 dioamve,
947 3992 1134 4073 placebunt,
1182 4021 1210 4058 11

194 4160 200 4168 .
224 4102 380 4167 Versetur
404 4104 516 4188 digitis
541 4106 661 4168 anulus
685 4126 788 4189 usque
813 4107 898 4170 tuis!
