2896 4754
626 336 670 393 m⁸
683 338 717 380 11.
736 334 761 394 3,
780 333 883 380 15—18.
1262 316 1312 366 167

181 507 230 566 ad
250 508 291 565 H.
317 509 340 576 1,
365 509 401 566 5:
428 508 551 566 «fecie».
635 510 825 578 lusitasse.
849 510 1085 580 amatoriis;cf.
1118 510 1188 568 edn.
1221 530 1314 586 supro

184 615 230 672 ad
261 615 286 673 I.
319 616 345 685 8,
379 615 436 674 43:
473 615 644 674 «Ludunt».
674 652 686 658 —
744 617 884 693 Indtpno
914 625 957 675 cst
975 618 1068 692 piprc
1088 618 1192 693 forma
1209 619 1314 692 perire

182 724 262 794 situ,
293 722 330 780 ef.
362 740 455 796 supra
485 723 509 781 I.
533 725 560 792 8,
584 724 627 782 52-
665 723 721 783 53:
759 723 950 783 «Canescunt
980 727 1063 800 turpi
1093 728 1175 784 tecte
1207 725 1314 783 relicto
1380 757 1386 768 ·

184 829 268 888 situ:
290 828 414 899 Forma,
437 831 499 888 nisi
522 830 679 901 admittes,
702 830 787 889 nulio
810 833 970 889 exercente
993 832 1151 889 senescit».

243 937 279 995 V.
305 937 429 998 15--18.
444 939 563 1013 ¹potuit,
594 940 755 1013 potuisset.
837 941 981 1015 quamvis
1003 939 1136 997 habeare
1157 941 1312 1007 molestos,

186 1043 299 1102 alludit
330 1043 369 1102 cd
399 1063 441 1103 vs.
476 1045 502 1103 8.
527 1046 631 1119 elegiae
652 1044 872 1120 praecedentis:
900 1045 1004 1117 «Quod
1025 1045 1158 1103 nimium
1180 1040 1312 1104 domines

187 1169 263 1209 cure
283 1154 410 1210 moleste
435 1155 488 1211 tue
510 1154 584 1210 est».
607 1187 617 1192 --
642 1187 647 1192 -
668 1151 787 1229 effectu,
804 1171 952 1211 successu.
1032 1152 1144 1228 Aptius
1164 1160 1199 1212 ct
1219 1154 1315 1227 licerit

183 1261 333 1335 precibus
356 1269 529 1334 temptasse,
552 1257 606 1317 sed
628 1258 729 1334 aptius
751 1261 811 1316 erit
831 1258 973 1334 precibus
988 1262 1017 1318 te
1033 1262 1195 1336 temptare.
1252 1297 1257 1301 -
1271 1267 1313 1329 ot,

190 1386 227 1424 ex
248 1384 319 1424 mec
340 1367 534 1437 coniecturc3
559 1365 596 1422 cf.
618 1365 701 1423 infra.
722 1364 791 1424 cdn.
815 1367 882 1424 crit.
904 1365 943 1424 cd
965 1365 994 1424 h.
1011 1367 1031 1424 l.
1047 1401 1086 1407 —--
1107 1367 1212 1440 fuerit,
1236 1368 1312 1436 erit3

188 1472 244 1532 int.
267 1475 362 1531 exact.
375 1491 432 1548 pic
453 1471 508 1530 fut.
532 1471 642 1546 simpl,
665 1472 813 1553 utsupra
833 1471 875 1529 H.
900 1472 925 1542 1,
948 1471 1004 1531 29:
1032 1472 1129 1544 «Quid
1149 1473 1230 1531 mihi
1243 1492 1313 1548 pro·

188 1580 283 1638 fuerit
302 1583 392 1637 velox
413 1581 555 1637 cantatus
576 1576 750 1636 Achillesh
767 1612 807 1618 —
819 1579 895 1637 bene
914 1580 1054 1654 poscendi
1077 1598 1221 1648 munero,
1236 1583 1313 1637 tcm-

189 1706 283 1762 quem
314 1686 348 1744 in
379 1685 486 1744 fenore
516 1701 641 1759 ponere,
674 1687 709 1742 ut
738 1686 903 1759 pecuniam
935 1703 1120 1759 magnarum
1152 1705 1314 1743 usurarum

187 1810 289 1850 cause.

725 1961 777 2018 IV.

596 2083 673 2163 Lib.
696 2087 746 2146 Π.
765 2087 849 2163 clep.
872 2087 906 2160 4.

243 2273 338 2331 Poeta
360 2290 391 2329 se
414 2273 555 2329 omnium
576 2290 721 2344 generum
743 2272 861 2345 puellas
883 2289 985 2330 emere
1008 2271 1178 2332 confitetur.
1201 2274 1316 2332 Auctor

188 2382 237 2438 est
257 2380 348 2454 Prop.
371 2380 412 2437 H.
435 2378 482 2449 22,
508 2379 621 2439 1--182

334 2501 396 2554 Scis
415 2503 483 2554 here
502 2503 543 2553 mi
562 2502 670 2554 multas
689 2501 799 2568 pariter
817 2501 963 2568 placuisse
983 2501 1120 2569 puellas?

369 2590 432 2643 Scis
451 2590 534 2652 mihi,
554 2589 755 2656 Demophoon,
775 2590 868 2642 multe
887 2589 986 2642 venire
1005 2590 1092 2651 mela.

333 2680 420 2732 Nulla
439 2680 513 2731 meis
531 2678 640 2730 frustra
657 2678 821 2729 lustrentur
839 2679 965 2748 compita
983 2679 1101 2747 plantis.

369 2774 391 2821 O
411 2769 501 2821 nimis
522 2768 609 2820 exitio
628 2771 697 2819 ncta
716 2769 832 2820 theatra
851 2769 931 2820 mcci

334 2858 399 2911 Sive
419 2858 525 2924 aliquis
545 2858 627 2910 molli
647 2856 758 2910 diducit
777 2857 901 2909 candide
920 2860 1004 2925 gestu

368 2947 509 3000 Bracchia
529 2963 579 2998 seu
598 2947 694 2998 varios
715 2945 841 2998 concinit
861 2961 909 2997 ore
929 2945 1048 2997 modos:

332 3038 448 3091 Interea
466 3037 559 3088 nostri
578 3037 711 3102 quaerunt
731 3034 786 3086 sibi
805 3035 910 3086 vulnus
930 3032 1021 3097 ocelli,

369 3126 498 3179 Candida
516 3142 575 3177 non
594 3127 670 3176 tecto
689 3127 805 3192 pectore
826 3125 851 3175 si
871 3138 928 3189 qua
948 3122 1036 3186 sedet,

334 3216 398 3269 Sive
417 3215 484 3284 vagi
503 3217 597 3267 crines
617 3215 700 3282 puris
719 3213 750 3264 in
769 3213 913 3265 frontibus
934 3214 1039 3275 errent,

368 3306 470 3358 Indice
490 3320 561 3370 quos
580 3302 676 3355 medio
695 3303 801 3354 vertice
820 3319 934 3370 gemme
952 3303 1040 3352 tenet.

333 3394 400 3458 Quae
420 3393 445 3446 si
464 3394 537 3444 forte
557 3391 667 3457 aliquid
685 3391 767 3443 vultu
786 3389 861 3441 mihi
880 3390 953 3442 dura
972 3390 1102 3457 negabat,

368 3482 490 3550 Frigida
508 3481 542 3533 de
561 3482 623 3532 tote
640 3479 735 3532 fr'cnte
755 3478 874 3531 cedebat
894 3495 978 3545 aqua.

334 3572 453 3636 Qumis,
473 3570 673 3637 Demophoon,
694 3585 746 3620 cur
767 3569 822 3619 sim
842 3572 903 3620 tem
923 3568 1021 3620 mollis
1040 3567 1072 3618 in
1090 3584 1208 3629 omnes;

369 3661 451 3725 Quod
471 3659 585 3726 quaeris,
609 3674 738 3724 square»,
757 3673 816 3708 non
836 3657 923 3709 habet
944 3655 1022 3708 ullus
1043 3673 1134 3708 emor.

334 3750 390 3801 Gur
409 3748 514 3815 aliquis
536 3749 625 3799 sacris
644 3747 736 3798 laniet
757 3763 808 3798 sue
828 3745 963 3798 bracchia
982 3746 1083 3798 cultris

368 3840 406 3891 Et
424 3837 549 3906 Phrygis
568 3836 687 3888 insenos
707 3835 827 3887 caeditur
846 3834 882 3885 ad
902 3837 1064 3887 numeros?

333 3925 496 3992 Unicuique
517 3925 595 3978 dedit
614 3925 720 3978 vitium
739 3926 845 3976 nature
864 3927 975 3976 creato:

369 4014 410 4066 Mi
429 4013 546 4067 fortuna
567 4016 676 4082 aliquid
696 4030 811 4080 semper
831 4029 929 4065 amere
949 4013 1036 4065 dedit.
1067 4020 1070 4025 ’

188 4142 343 4202 Praeterea
363 4144 436 4200 ente
458 4142 561 4201 oculos
583 4144 674 4216 poete
695 4140 805 4199 habuit
825 4141 914 4214 Prcp.
938 4140 978 4198 Π,
1002 4140 1049 4209 25,
1071 4140 1207 4229 41--46;
