2896 4754
573 378 615 419 in
631 377 666 421 11.
686 373 727 433 11,
747 373 813 418 1-c.
1208 351 1259 403 189

116 569 200 610 mea
221 570 261 610 ne
283 554 365 611 terra
385 553 465 611 locet
486 571 557 610 ossa
578 550 757 626 frequenti.»
776 585 816 592 -
830 550 951 609 indicet
966 595 972 607 .
990 597 996 610 .
1013 595 1018 608 .
1034 555 1162 625 pectora
1182 549 1259 616 tetis,

116 658 141 718 i.
169 678 199 718 e.
221 661 328 734 pectus
349 661 419 719 telis
440 658 606 719 hostilibus
628 660 751 733 contegi
773 660 863 716 sinat.
886 693 926 699 —-
948 659 1109 717 contrario
1124 662 1258 732 pectora,

120 769 238 840 pectus
260 784 420 842 opponens
442 765 580 826 adversis
601 765 679 824 telis
703 799 741 805 --
770 770 925 823 oeternum
955 764 1113 839 sanquine
1142 780 1261 820 aaaron

123 882 225 942 circat,
248 874 284 932 cf.
307 876 381 933 Hor.
406 874 506 934 (larm.
528 874 583 932 HI.
610 873 655 943 14,
679 874 715 933 t:
742 872 857 930 «Morte
879 872 1020 929 venalem
1048 868 1174 944 petiisse
1194 868 1261 926 lau-

122 999 216 1038 rum»
243 983 274 1038 et
294 980 437 1040 Aeschin.
462 979 542 1039 Otes.
568 981 642 1039 160:
672 975 804 1059 αἵματός
835 975 921 1037 ἐστιν
942 974 961 1058 ἡ
983 968 1083 1056 ἀρετὴ
1112 972 1261 1035 ὠνία.

124 1105 255 1154 avarus,
278 1106 318 1147 sc.
340 1089 493 1146 mercator
515 1105 634 1146 avarus.
655 1122 696 1128 —-
718 1087 852 1158 lassarit,
875 1086 942 1143 sine
973 1083 1035 1142 fine
1065 1080 1261 1158 navigando;
1315 1096 1318 1103 ·

126 1193 170 1252 cf.
201 1193 291 1268 Verg.
323 1193 399 1254 Aen.
429 1194 483 1255 IX.
516 1195 592 1254 602:
627 1194 764 1254 «Venatu
794 1192 959 1268 invigilant
988 1192 1078 1267 pueri
1108 1190 1261 1264 silvasque

127 1299 290 1373 fatigant.»
315 1335 355 1340 —
376 1303 499 1361 arundo
526 1300 681 1376 Aequora,
712 1317 790 1357 nave
822 1297 972 1366 secand03
1005 1315 1042 1355 ex
1063 1297 1153 1379 Verg.
1184 1296 1260 1354 Aen.

127 1405 188 1463 [H.
210 1407 287 1466 495:
314 1407 450 1465 «nullum
471 1408 567 1465 maris
588 1424 694 1480 aequor
716 1404 892 1463 arandum.»
911 1439 951 1445 —-
965 1404 1112 1478 Aequora
1129 1403 1262 1477 politico

129 1514 314 1588 naufragus
336 1533 387 1572 ore
409 1515 504 1586 bibat,
526 1516 560 1571 ut
589 1513 679 1588 Prop.
709 1512 749 1571 Π.
782 1513 828 1581 tl,
863 1512 919 1570 tl:
947 1511 1128 1584 «naufragus
1159 1508 1263 1567 ebibat

130 1618 257 1678 undas.»
282 1656 323 1662 „-
340 1622 471 1695 portato
488 1664 494 1677 .
510 1666 517 1679 .
534 1665 541 1678 .
558 1637 619 1692 oce,
641 1620 760 1690 fallaci;
783 1619 884 1693 agitur
905 1620 990 1676 enim
1013 1617 1049 1674 de
1080 1618 1260 1674 mercatore.

133 1725 180 1786 Of.
202 1744 307 1802 preces
338 1728 520 1786 mercatoris
551 1727 604 1786 Ov.
635 1728 719 1788 Fast.
741 1727 777 1785 V.
801 1725 978 1786 680--6822
1006 1725 1140 1799 «peragit
1171 1723 1263 1781 solita

133 1833 240 1892 fallere
261 1852 335 1892 voce
357 1853 483 1909 preces:
510 1832 624 1892 «Ablue
645 1833 797 1909 praeteriti
818 1834 954 1908 periuria
984 1832 1132 1906 temporis
1153 1865 1193 1872 ——
1214 1830 1262 1886 in-

136 1941 203 2014 quit
223 1975 264 1981 —
285 1940 380 2000 Ablue
402 1943 577 2016 praeteritae
598 1941 716 2017 perfida
735 1941 829 2000 verba
851 1941 927 2000 die.»

188 2047 225 2106 V.
247 2048 375 2107 35-36,
403 2036 551 2110 Vectoris.
570 2094 575 2105 .
592 2097 598 2108 .
615 2056 711 2121 azotii,
735 2067 829 2107 sensu
850 2046 991 2115 obscene,
1015 2049 1049 2104 ut
1071 2063 1164 2120 supra
1176 2043 1201 2102 I.
1217 2043 1262 2109 10,

134 2154 272 2214 35---36:
300 2155 464 2231 «voluptas,
479 2155 577 2227 Quam
599 2158 683 2215 socio
696 2157 782 2216 motu
804 2154 922 2213 femina
941 2154 1048 2227 virque
1070 2151 1204 2209 ferunt».
1224 2184 1264 2190 --

137 2260 219 2319 Cum
240 2263 370 2334 morior,
392 2264 535 2322 modium
556 2266 659 2323 solvar
679 2271 709 2322 et
730 2265 814 2321 iuter
838 2280 925 2338 optes,
957 2259 995 2320 cf.
1024 2276 1131 2316 versus
1160 2256 1265 2315 Phile-

133 2368 205 2426 taeri
226 2369 308 2444 apud
328 2369 441 2429 Athen.
464 2370 549 2429 xffl.
572 2371 649 2429 570:
674 2366 731 2430 οὐκ
751 2362 840 2427 οἷσθ’
862 2365 911 2426 ὅτι
927 2358 1067 2427 ‘littorea
1087 2362 1173 2424 ἐστιν
1187 2356 1264 2423 ἀπο-

134 2470 244 2534 θανεῖν
274 2470 414 2554 βινοῦνθ’
447 2472 520 2555 ἅμα,
542 2469 670 2556 Ὥσπερ
704 2472 852 2555 λέγουσιν
881 2467 1057 2534 ἀποθανεῖν
1088 2469 1265 2551 Φορμίσιον

133 2586 167 2641 et
187 2582 261 2641 ibid.
282 2583 365 2643 XHI.
389 2586 466 2644 587:
490 2580 564 2668 Οὐχὶ
584 2582 660 2651 Λαῒς
688 2582 745 2666 μὲν
774 2577 942 2644 τελεοτῶσ’
971 2574 1133 2642 ἀπέθανεν
1161 2575 1264 2656 βινου-

132 2687 232 2768 μένη;
251 2725 292 2731 --
322 2709 408 2766 opica,
440 2711 533 2750 sensu
563 2691 713 2761 obsceno;
745 2691 782 2750 cf.
814 2709 906 2767 supra
937 2687 1007 2746 adn.
1040 2686 1078 2744 ad
1108 2686 1132 2743 Ι.
1155 2685 1181 2753 l,
1205 2685 1264 2742 48:

139 2795 242 2856 «dulce
265 2815 367 2873 opus.»

673 3002 727 3061 xi.

528 3102 614 3208 niu
629 3147 680 3209 rr.
703 3149 786 3228 cup.
806 3148 867 3210 11.

193 3330 371 3407 Propertius
393 3334 517 3407 scripsit
539 3334 669 3407 elegiam
692 3335 726 3410 (L
750 3334 790 3411 8.)
814 3335 853 3393 ad
867 3335 1044 3410 Cynthium,
1061 3355 1131 3395 cum
1146 3356 1182 3395 ea
1196 3356 1265 3395 cum

139 3438 272 3512 praetore
293 3437 427 3514 quodam
449 3441 483 3498 in
504 3441 644 3516 illyriam
665 3441 819 3518 proficisci
832 3444 931 3500 vellet.
949 3442 1076 3502 Ovidius
1091 3441 1266 3520 eiemplum

138 3544 281 3632 magistri
303 3548 424 3605 secutus
447 3549 571 3623 scripsit
591 3550 829 3625 propempticon
851 3549 890 3607 ad
912 3549 1081 3609 Corinnam
1102 3551 1168 3624 lege
1190 3553 1267 3610 artis

139 3652 355 3726 compositum,
377 3655 412 3711 in
435 3673 493 3730 quo
516 3655 610 3713 etiam
631 3655 755 3714 Horatii
777 3655 816 3714 ad
836 3657 1008 3730 Vergilium
1029 3659 1291 3733 propempticon

139 3758 256 3838 (Garm.
277 3761 301 3820 L
324 3761 365 3837 3.)
389 3764 459 3820 ante
482 3765 586 3821 oculos
608 3763 725 3822 habuit.

195 4080 230 4140 V.
257 4082 341 4141 1-4.
364 4082 475 4141 Prima
496 4084 597 4142 ricolus
619 4086 770 4143 decicit..
789 4131 794 4142 .
814 4085 886 4157 ciac,
908 4084 1045 4160 primum
1066 4085 1147 4159 Argo
1162 4085 1268 4144 docuit

141 4187 286 4245 homines
308 4189 460 4262 navigare.
483 4189 530 4248 De
552 4191 643 4264 Argu
666 4190 767 4265 prima
788 4210 866 4249 nave
888 4191 925 4250 cf.
957 4213 1051 4268 supra
1081 4192 1151 4250 adn.
1182 4192 1221 4251 ad
1241 4193 1266 4250 Ι.
