2896 4754
163 306 213 359 184
380 277 387 298 ¹
596 327 638 381 un
652 328 689 372 11.
706 324 730 384 s,
752 324 855 372 17-24.
921 297 924 308 '

213 502 247 560 V.
275 502 398 561 17-18.
423 503 524 561 Rotuu
542 545 548 558 .
565 546 594 560 ..
619 500 807 562 Stramineis
838 509 913 561 esset
943 521 1030 561 uitus
1061 520 1190 579 quoque
1213 507 1295 560 tectu

159 609 247 680 cusis,
270 608 426 666 Romanos
448 597 532 665 nunc
563 627 683 682 quoque
714 610 890 666 straminea
921 627 998 666 casse
1029 610 1180 684 tegerent,
1213 606 1233 666 i.
1269 626 1294 664 e.

159 717 292 776 Romani
323 720 357 775 in
388 717 466 775 cusis
508 716 685 776 stramineis
725 716 920 788 habitarent-;
962 736 1000 775 ex
1033 717 1124 792 Prop.
1161 715 1205 774 H.
1247 715 1295 781 16,

162 826 222 883 te·
240 824 296 883 20:
323 823 439 899 «Atque
461 823 582 882 utinam
604 822 709 881 Romae
731 840 823 880 nemo
845 825 926 881 esset
948 822 1031 881 dives
1056 821 1177 897 etipse
1208 819 1295 879 stra-

158 931 264 989 minea
277 935 381 1008 posset
403 931 463 990 dux
474 930 612 990 habiture
634 950 732 990 oasa».
745 966 786 972 —-
797 929 995 1002 Stramineis,
1018 931 1169 989 stramine
1192 925 1295 986 tectis.

212 1039 247 1097 V.
273 1039 398 1098 let—at.
421 1039 530 1098 Fessus
551 1040 588 1097 iu
609 1044 750 1114 acceptos
774 1039 840 1106 ete,
863 1056 921 1096 vss.
948 1036 1074 1096 ta-at.
1098 1037 1193 1113 poeta
1215 1036 1293 1092 ante

159 1144 263 1202 oculos
285 1144 392 1203 habuit
413 1146 502 1219 Prop.
526 1145 567 1203 Π.
591 1145 639 1216 25,
662 1145 758 1203 5-92
787 1143 892 1201 «Miles
913 1142 1061 1218 depositis
1083 1159 1223 1199 annosus
1248 1158 1295 1197 ee-

159 1251 250 1309 cubat
272 1253 365 1309 armis
396 1250 620 1325 Grandaevique
650 1253 766 1326 negent
792 1250 901 1309 ducere
932 1251 1035 1308 aratra
1054 1247 1156 1318 boves,
1188 1245 1297 1306 Putris

160 1355 245 1414 etin
266 1375 363 1414 vacua
384 1356 551 1434 requiescit
573 1358 661 1414 navis
684 1375 778 1414 arena
797 1355 839 1413 Et
859 1357 947 1413 vetus
969 1353 1004 1411 in
1033 1353 1150 1428 templo
1182 1351 1298 1411 bellica

159 1481 269 1537 panna
289 1466 396 1522 vacat:
418 1463 459 1522 At
479 1482 529 1521 me
552 1464 590 1522 ab
612 1483 715 1522 amore
731 1465 785 1521 tuo
807 1461 937 1520 deducet
957 1460 1042 1518 nulla
1063 1460 1239 1518 senectus».
1256 1493 1297 1500 —-

74 1610 77 1614 -
160 1570 341 1630 Fessus...
364 1571 463 1642 utiles,
485 1571 632 1640 veterani,
656 1569 780 1628 emeriti
802 1568 924 1627 milites
947 1568 1045 1626 —iu
1065 1572 1209 1645 acceptos
1235 1565 1298 1624 uri-

162 1678 202 1735 les
224 1678 393 1737 deducitur
415 1696 516 1753 ueros,
539 1677 660 1736 colonia
680 1675 824 1735 militaris
847 1673 1007 1733 deducitur
1035 1673 1069 1730 in
1100 1691 1191 1746 agros
1214 1671 1298 1730 desi·

160 1785 280 1857 gnatos,
303 1782 322 1840 i.
347 1802 371 1841 e.
394 1782 510 1842 milites
532 1783 654 1842 emeriti
676 1803 763 1858 agros
790 1758 945 1858 accipiunt
975 1780 1013 1839 ab
1042 1762 1296 1854 imperatoribu8‚

110 1898 116 1913 ¹
163 1889 197 1944 ut
219 1890 312 1946 etiam
330 1888 432 1948 Ovidii
447 1893 536 1948 aetate
551 1893 621 1966 post
635 1908 754 1967 pugnas
769 1888 1002 1964 Philippensem
1024 1888 1055 1943 et
1068 1884 1240 1943 Actiacam.
1256 1919 1298 1926 —

160 1994 300 2054 Mittitur
320 1997 357 2053 iu
378 1997 477 2056 saltus
498 2015 620 2056 carcere
643 1997 721 2055 liber
742 2014 849 2072 equus,
873 2013 909 2052 ex
930 1991 1027 2052 Ennii
1047 1989 1188 2050 versibus
1211 1989 1299 2066 apud

160 2100 222 2159 Cic.
246 2102 293 2160 De
315 2105 428 2160 seneot.
452 2105 478 2162 5.
503 2102 649 2161 servetis:
677 2102 779 2161 «Siout
793 2101 881 2160 fortis
897 2119 1001 2176 equus,
1018 2097 1118 2174 spatio
1134 2097 1189 2172 qui
1211 2115 1298 2172 saepe

161 2227 305 2283 supremo
327 2209 409 2267 Vicit
441 2208 592 2286 Olympia,
615 2229 699 2267 nunc
720 2208 806 2267 senio
823 2208 981 2267 confectus
997 2205 1155 2284 quiescis.
1173 2238 1214 2244 —-
1227 2223 1300 2261 cur-

159 2332 237 2383 ceu,
260 2313 403 2389 intellege
430 2333 566 2373 carceres
588 2316 669 2384 circi,
701 2313 783 2373 unde
817 2316 970 2372 certantes
993 2311 1147 2389 quadrigae
1170 2308 1299 2368 emitte·

166 2420 285 2478 bantur.
369 2423 567 2495 subductum,
589 2422 713 2498 proprie
744 2421 857 2480 dicitur
887 2420 923 2479 de
954 2419 1082 2479 navibus
1112 2420 1147 2476 in
1178 2418 1301 2476 siccum

167 2528 320 2586 extractis
403 2532 529 2604 piuuru,
552 2548 664 2588 navem
685 2549 723 2587 ex
743 2530 822 2604 pinu
843 2529 965 2586 factam.
988 2562 1027 2569 —
1053 2525 1204 2600 Tutaque,
1234 2543 1301 2581 non

163 2634 345 2708 periculosa.
367 2670 407 2675 -—
428 2639 565 2712 deposito
584 2638 727 2712 poscitur
748 2654 819 2695 cisse
840 2637 939 2704 incolis,
954 2635 1046 2709 poete
1066 2631 1204 2707 respexit
1219 2630 1300 2688 Hor.

161 2740 221 2815 Ep.
245 2741 268 2799 Ι.
295 2742 319 2810 1,
343 2742 439 2801 a--32
466 2741 661 2818 «Spectatum
683 2745 758 2800 satis
781 2745 811 2800 et
833 2740 981 2800 donatum
1003 2740 1067 2796 iem
1080 2736 1156 2796 rude
1172 2738 1299 2812 quaeris,

164 2847 326 2917 Maecenas
356 2849 470 2906 iterum
502 2851 629 2925 antiquo
658 2868 708 2907 me
740 2847 896 2907 includere
927 2847 1039 2906 ludos»
1072 2843 1202 2914 Rudem,
1226 2845 1249 2902 i.
1274 2862 1298 2901 e.

162 2954 304 3028 gladium
335 2955 472 3029 ligneum
508 2955 701 3031 accipiebant
731 2976 749 3014 a
781 2955 917 3013 dominis
947 2953 1131 3028 gladiatores
1163 2951 1299 3018 emeriti,

165 3061 324 3119 missionis
346 3063 478 3136 signum.
501 3098 540 3103 —-
561 3064 665 3121 merui
685 3064 741 3122 sub
765 3081 872 3121 autore
896 3061 1023 3137 puelloe,
1054 3056 1212 3133 stipendia
1234 3075 1300 3116 me-

164 3168 224 3236 rui,
248 3170 281 3225 ut
302 3168 409 3240 miles;
432 3170 468 3227 ci.
492 3189 585 3244 supra
606 3169 631 3227 I.
663 3171 689 3239 9,
722 3169 858 3228 43—--442
885 3166 1029 3243 «Impulit
1058 3165 1206 3239 ignavum
1238 3161 1299 3221 for·

163 3291 259 3331 mosae
291 3293 364 3332 cura
393 3275 502 3350 puellae
534 3276 629 3333 Iussit
661 3278 691 3333 et
722 3275 756 3333 in
789 3275 897 3334 castris
919 3292 981 3332 sera
1000 3289 1118 3329 merere
1140 3269 1236 3327 suis».
1258 3304 1300 3310 --

162 3380 366 3454 aetolorum,
391 3384 565 3440 emeritum.
587 3418 626 3423 —-
645 3383 782 3456 'placide
805 3384 839 3439 in
860 3399 945 3456 pace.

684 3618 780 3680 lxta.

557 3745 634 3806 Lib.
657 3745 708 3805 ΙΙ.
731 3746 816 3823 atae.
840 3743 896 3804 9b.

191 3987 194 3992 Ι
218 3914 253 3974 V.
277 3915 323 3973 26.
347 3915 436 3975 dulce
455 3918 564 3990 pirella
585 3916 743 3987 mulicmst,
767 3913 803 3972 cf.
825 3915 915 3988 Prop.
938 3913 985 3981 25,
1009 3912 1064 3970 ta:
1092 3909 1179 3969 «Una
1199 3909 1241 3967 sit
1268 3911 1302 3965 et
1326 3898 1328 3903 ¹

164 4021 261 4080 cuivis
283 4020 402 4078 femine
422 4023 520 4080 multa
540 4021 651 4080 mala».

217 4129 252 4187 V.
277 4128 406 4187 27—28.
428 4135 634 4202 pertusuurst
669 4146 709 4184 sc.
734 4144 847 4185 amare.
869 4160 908 4165 -ψ
931 4126 1102 4198 irritatoque
1132 4123 1303 4207 reloueuit
