2896 4754
163 336 216 387 2’12
585 357 626 400 11)
642 357 677 400 11.
697 354 740 413 18,
760 353 865 401 ie-ae.

163 533 238 608 cepi.
262 530 425 607 Sceptrum
445 533 547 606 regale
569 531 723 606 significet
742 530 936 606 tragoediam,
959 529 1014 589 ubi
1041 528 1079 587 de
1100 545 1214 601 regum
1238 524 1299 583 fac·

163 640 203 696 tis
235 641 344 714 agitur,
373 638 456 697 unde
478 639 560 697 infre
581 619 637 698 [Π.
664 639 688 707 1,
714 638 758 697 13.
793 636 843 714 (de
876 636 935 695 dea
964 634 1162 710 Tragoedia):
1190 633 1302 692 «Iiaeva

162 764 273 804 manus
295 749 449 822 sceptrum
470 747 532 804 late
553 747 654 819 regale
675 743 844 804 movebat.»
863 743 908 806 cf.
923 744 997 802 Hor.
1014 741 1077 802 sat.
1099 741 1126 799 L
1153 741 1200 809 10,
1217 740 1261 798 dt
1276 773 1302 779 —

161 852 209 910 43.
243 851 293 928 (de
324 851 482 926 tragoediis
512 852 693 930 Pollionis):
721 851 834 911 «Pollio
864 869 971 925 regum
991 850 1087 910 Facta
1109 850 1199 907 canit
1221 845 1302 923 pede

163 960 210 1016 ter
229 976 426 1033 percussu»—
454 994 457 997 -
479 977 619 1035 citraque
639 958 796 1033 trayoedia
817 962 926 1015 costra
950 955 1059 1026 Creuit,
1080 972 1116 1012 re
1138 970 1301 1027 10101101-

162 1064 236 1123 fecit
255 1066 363 1140 postea
383 1064 568 1139 tragaediam
591 1064 744 1137 Medeam,
769 1080 836 1138 quae
859 1061 898 1121 ad
919 1062 1058 1120 nostram
1080 1061 1212 1120 aetatem
1235 1077 1301 1118 non

161 1173 311 1246 pervenit.
335 1205 374 1212 -«
405 1173 478 1230 huic
500 1173 588 1246 operi
608 1171 783 1246 quamlibet
813 1177 907 1246 aptus
928 1187 1025 1238 uum,
1057 1166 1211 1227 Ovidium
1236 1184 1301 1224 non

162 1280 229 1335 sine
251 1295 342 1335 causa
362 1277 421 1336 hoc
441 1279 509 1336 1000
530 1277 657 1351 gloriari
679 1275 826 1335 docemur
846 1275 915 1336 Tac.
938 1274 1019 1334 Dial.
1046 1273 1097 1333 la:
1119 1273 1301 1331 «1100011110

160 1385 264 1442 Asinii
285 1386 339 1442 aut
358 1384 509 1442 Messallee
530 1383 610 1442 liber
630 1385 695 1441 tam
717 1383 860 1442 inlustris
875 1384 929 1450 est,
953 1398 1045 1456 quam
1060 1379 1177 1439 Medea
1193 1377 1301 1439 Ovidii

162 1493 215 1549 eut
235 1489 324 1549 Varii
355 1491 521 1566 Thyestes»
558 1493 589 1548 et
620 1489 749 1561 Quintil.
783 1489 860 1548 Inst.
894 1488 943 1548 Or.
975 1485 1012 1545 X
1039 1486 1063 1555 1,
1086 1487 1147 1547 98:
1174 1485 1302 1545 «Ovidii

160 1597 271 1656 Medea
291 1597 414 1657 videtur
444 1598 524 1657 mihi
546 1597 716 1666 ostendere,
750 1599 902 1672 quantum
923 1596 975 1655 ille
1000 1597 1048 1653 vir
1068 1596 1225 1670 praestare
1247 1613 1300 1669 pc·

161 1706 264 1774 tuerit,
288 1707 315 1763 si
336 1707 461 1780 ingenio
484 1725 538 1764 suo
560 1707 714 1780 imperare
737 1722 830 1780 quem
852 1702 1013 1776 indulgere
1038 1701 1235 1760 maluisset·
1261 1735 1299 1741 —-

160 1813 343 1887 pullumque
372 1830 486 1884 meum,
517 1811 632 1887 pellam
661 1813 786 1884 longum
807 1806 945 1888 (σύρμα)
965 1805 1115 1882 gerebant
1143 1807 1300 1881 tregoedi3

161 1918 198 1976 cf.
221 1920 296 1978 Hor.
319 1919 354 1979 A.
377 1921 409 1978 Ρ.
434 1920 611 1980 eie-eie:
632 1938 786 1995 «personae
808 1919 959 1993 pallaque
980 1917 1122 1992 repertor
1143 1914 1300 1974 honestae

160 2024 355 2102 Aeschylus.»
440 2027 601 2101 pictosque
623 2028 799 2096 cothurnos,
823 2024 943 2082 calceus
973 2019 1184 2096 tragaedorum
1208 2022 1297 2089 altus

161 2133 260 2191 colore
292 2131 402 2203 rubrc;
433 2135 526 2208 poeta
558 2135 629 2191 ante
662 2133 765 2190 oculos
798 2130 909 2189 habuit
928 2130 1018 2204 Verg.
1050 2129 1130 2187 Aen.
1158 2128 1184 2186 I.
1220 2127 1299 2186 337:

165 2258 334 2315 «purpureo
366 2239 533 2298 cothurno»
560 2242 591 2297 et
621 2239 684 2297 Eel.
719 2238 744 2307 7,
777 2237 834 2298 32:
871 2239 1017 2314 «puniceo
1046 2234 1234 2303 cothurnn»
1261 2269 1299 2275 --

155 2349 300 2424 privata.
314 2391 340 2406 ..
370 2367 480 2418 11101111,
512 2349 679 2423 opponitur
710 2346 858 2422 dignitati
877 2347 979 2420 regiae.
1001 2379 1042 2386 —-
1061 2344 1202 2419 iniquoe,
1236 2360 1302 2400 nen

160 2456 303 2529 propitia,
326 2456 486 2530 preposito
509 2474 572 2513 non
594 2454 709 2513 favens.
731 2489 772 2495 --
793 2456 980 2514 cothurnato
1002 2458 1080 2522 vute,
1102 2452 1236 2524 tragico.

212 2559 247 2619 V.
274 2558 309 2617 19
329 2560 399 2618 ---20.
422 2566 503 2619 artes
525 2562 625 2618 teneri
654 2562 839 2636 profitemur
860 2559 995 2632 Amoris,
1024 2559 1043 2616 i.
1067 2574 1092 2615 e.
1126 2555 1299 2616 scribimus

159 2667 272 2740 elegias
304 2668 470 2724 amatorias
501 2665 608 2743 (libros
635 2665 818 2743 Amorum);
850 2668 897 2724 est
927 2666 1012 2723 enim
1042 2665 1136 2739 poeta
1156 2666 1298 2723 eroticus

160 2775 307 2848 magister
328 2777 450 2842 amoris,
474 2793 511 2832 ex
532 2777 619 2832 cuius
639 2774 727 2832 libris
759 2773 883 2832 discunt
904 2773 1053 2840 amantes,
1083 2773 1115 2829 et
1135 2774 1298 2846 praecipue

33 2906 35 2910 ¹
159 2883 193 2938 in
225 2880 329 2939 Ovidii
349 2881 498 2940 Amorum
520 2882 608 2940 libris
630 2882 833 2940 invenientur
861 2881 1015 2956 praecepte
1046 2876 1085 2937 ad
1105 2877 1238 2953 puellas,
1262 2879 1297 2934 ut

160 3006 252 3062 supra
273 2988 296 3044 Ι.
320 2987 346 3045 d.
371 2990 401 3046 et
423 2988 504 3046 infra
525 2987 565 3045 H.
592 2988 636 3056 19,
656 2989 691 3045 le
720 2988 781 3046 -36,
806 2984 850 3045 Of.
873 2983 1207 3061 Prop.1.7‚13--14:
1228 2985 1296 3042 1Μο

158 3097 240 3169 legat
261 3092 381 3151 assidue
402 3095 560 3169 posthaec
581 3095 738 3168 neglectus
760 3097 880 3152 amator
893 3093 934 3151 Et
954 3093 1077 3168 prosint
1097 3092 1145 3150 illi
1168 3094 1296 3166 cognita

159 3202 265 3258 nostra
286 3199 382 3258 malac
410 3203 440 3257 et
460 3198 516 3258 HL
540 3200 567 3268 3,
585 3200 714 3258 47-50.
739 3198 889 3275 (Calliope
911 3197 951 3257 ad
970 3197 1125 3274 poetam):
1152 3197 1295 3274 «Quippe

159 3309 322 3365 coronatos
344 3306 480 3364 alienum
503 3305 541 3364 ad
561 3307 659 3364 limen
682 3309 822 3365 amantes
842 3307 1068 3381 Nocturnaeque
1090 3323 1186 3364 canes
1208 3304 1296 3364 ebria

160 3415 248 3486 signa
269 3411 356 3486 fugae,
380 3411 422 3470 Ut
442 3430 498 3486 per
512 3416 541 3471 te
564 3413 682 3470 clausas
705 3413 782 3469 sciat
804 3413 966 3470 excantare
988 3411 1115 3485 puellas,
1132 3408 1196 3481 Qui
1209 3411 1294 3470 volet

160 3524 297 3579 austeros
319 3525 383 3580 arte
405 3522 497 3580 ferire
518 3525 638 3594 virosam
661 3522 726 3581 Tib.
748 3523 772 3580 I.
787 3524 815 3592 4,
833 3522 971 3581 75-76:
991 3541 1059 3580 ivos
1073 3540 1124 3581 me
1138 3522 1293 3582 celebrate

160 3628 350 3699 magistrum,
375 3627 457 3698 Ques
479 3627 558 3686 male
581 3625 676 3685 hebet
697 3628 796 3685 multa
818 3626 947 3684 callidus
963 3628 1028 3685 arte
1043 3645 1146 3701 puer.»
1165 3662 1208 3668 —
1220 3648 1294 3704 pro·

158 3734 294 3807 litemus,
316 3733 437 3809 publice
460 3733 613 3803 docemus,
636 3736 671 3792 ut
692 3735 723 3802 ii,
749 3735 801 3808 qui
823 3735 900 3792 iuris
922 3735 1023 3792 civilis
1038 3735 1204 3792 scientiam
1222 3754 1294 3810 pro-

160 3838 303 3907 fitentur;
327 3842 399 3898 ente
423 3844 526 3898 00111οε
547 3839 657 3898 habuit
678 3840 743 3898 Tib.
768 3841 792 3899 I.
814 3841 842 3910 d,
867 3841 1004 3900 77---80:
1032 3858 1106 3909 «me,
1131 3842 1188 3915 qui
1209 3861 1294 3917 sper-

159 3947 281 4013 nentur,
305 3947 445 4004 emantes
467 3947 670 4007 Consultent:
702 3950 822 4006 cunctis
843 3950 938 4006 ianua
956 3949 1063 4005 nostre
1083 3948 1180 4028 patet.
1203 3948 1294 4007 Tem·

159 4072 217 4127 pus
239 4053 305 4121 erit,
330 4070 399 4110 cum
421 4073 470 4110 me
492 4054 623 4113 Veneris
638 4056 793 4130 praecepta
813 4055 966 4113 ferentem
980 4052 1122 4112 Deducat
1142 4055 1295 4113 iuvenum

159 4158 265 4217 sedula
286 4157 376 4216 turba
399 4178 532 4229 senem»,
565 4160 618 4219 ubi
639 4164 731 4236 poete
753 4180 785 4219 se
808 4162 968 4236 comparat
989 4179 1059 4219 cum
1090 4161 1295 4219 iurisconsul-
