2896 4754
160 331 214 383 224
585 351 626 395 sn
642 352 691 396 m.
709 351 734 409 a,
755 349 860 397 ls-sl.

160 530 387 606 Hippodamia,
410 536 486 599 tuos,
518 527 762 604 pulchritudinis
792 532 970 604 exemplum
1001 531 1047 587 est
1077 527 1320 605 Hippodamia

160 638 255 696 etiam
276 637 367 712 Prop.
389 636 413 694 L
438 636 463 705 1,
489 635 624 694 19—20:
652 635 731 694 «Nec
751 634 924 710 Phrygium
944 636 1040 694 traxit
1060 636 1139 696 falso
1154 635 1307 706 candore

160 744 307 801 maritum
338 741 454 801 Avecta
483 741 619 800 externis
648 739 860 816 Hippodamia
890 743 992 801 rotis.»
1018 777 1058 784 -
1087 745 1195 819 facore
1222 761 1297 810 suoe

163 851 254 909 sicit.
272 894 278 907 .
295 849 441 923 puellm,
462 846 673 922 Hippodamia
695 849 780 907 enim
801 849 940 922 corrupit
960 848 1133 925 Myrtilum,
1149 849 1282 922 aurigam

160 956 268 1030 patris,
289 957 325 1013 ut
346 956 464 1012 clavam
484 971 523 1012 ex
544 972 600 1012 axe
622 971 730 1011 currus
751 954 875 1030 Pelopis
896 954 1053 1011 eximeret

214 1061 250 1121 V.
275 1060 401 1120 iti-al.
424 1061 505 1136 cogit
526 1079 582 1120 uos
605 1062 690 1120 linea
711 1063 827 1138 iuuqi:
848 1060 924 1119 Haec
955 1061 992 1118 iu
1022 1061 1089 1136 leqe
1119 1060 1180 1118 loci
1209 1077 1272 1117 corre·
1318 1106 1324 1116 .

157 1140 256 1228 ¹ruodo
277 1169 379 1226 circus
401 1167 502 1239 habet,
525 1167 562 1229 ef.
586 1167 639 1226 Ov.
663 1166 698 1228 A.
721 1167 757 1229 A.
779 1167 805 1230 Ι.
829 1167 1007 1226 til-lla:
1034 1165 1193 1234 ‹Etbene,
1208 1163 1273 1241 qucd

161 1276 251 1349 cogit,
275 1276 301 1333 si
322 1276 411 1346 nolit,
432 1275 517 1332 linea
544 1274 639 1347 iungi,
663 1271 753 1344 Quod
774 1273 833 1332 tibi
854 1272 1011 1347 tangenda
1033 1273 1079 1330 est
1100 1274 1167 1345 lege
1187 1269 1276 1346 puella

160 1385 235 1443 locis
262 1386 293 1442 et
313 1384 405 1443 Trist.
427 1383 469 1442 IL
491 1381 559 1441 184.
592 1379 642 1458 (de
673 1381 787 1459 circel:
823 1382 899 1440 «Hic
929 1381 1016 1441 sedet
1045 1383 1153 1455 ignoto
1182 1381 1278 1439 iuncta

160 1495 265 1566 puella
287 1493 379 1550 viro.»
413 1527 453 1532 —
483 1491 577 1567 lineo,
607 1492 698 1548 lineae
728 1492 836 1549 incisa
867 1490 1029 1560 subselliis,
1063 1489 1173 1567 quibus
1203 1487 1281 1548 sedes

161 1597 354 1672 singulorum
375 1597 606 1674 separabantur.
623 1597 702 1658 Gum
718 1599 822 1656 autem
837 1596 951 1672 singuli
965 1598 1026 1656 loci
1040 1598 1145 1656 essent
1159 1597 1284 1670 augusti,

162 1699 303 1760 sedentes
325 1720 357 1759 se
378 1705 506 1777 tangere
534 1703 731 1777 cogebantur.
763 1737 803 1742 —
832 1722 853 1762 u
883 1706 996 1763 deutra
1027 1704 1221 1779 quicumque
1250 1721 1285 1765 os.

163 1811 214 1885 qui
235 1809 322 1867 iuxta
342 1809 478 1884 puellam
501 1808 587 1869 sedet
607 1830 626 1869 a
647 1809 763 1868 dextra.
786 1845 826 1850 --
850 1809 1003 1870 Contactu
1035 1811 1143 1870 latoris
1165 1810 1292 1870 loeditur

162 1915 223 1972 istc
243 1917 301 1986 tui,
324 1913 361 1974 cf.
384 1914 438 1973 Ov.
468 1915 503 1975 A.
527 1915 560 1974 A
584 1916 608 1977 I.
635 1916 800 1975 139—140.
834 1915 884 1992 (de
914 1917 1028 1995 circo):
1064 1917 1245 1976 «Proximus
1274 1934 1293 1973 a

162 2020 289 2079 domina
309 2022 396 2080 nullo
417 2021 603 2098 prohibente
626 2022 748 2082 sedeto:
771 2023 868 2097 Iimge
891 2025 977 2082 tuum
999 2023 1099 2092 lateri,
1122 2039 1184 2097 qua
1204 2024 1295 2097 potes

162 2146 266 2203 usque,
289 2128 396 2187 latus.»
411 2165 450 2171 --
475 2129 521 2188 Tu
543 2147 676 2206 quoque,
698 2131 756 2206 qui
768 2136 889 2208 spectus
901 2137 971 2205 post
985 2119 1124 2203 uos,'tuo
1140 2130 1295 2188 contraho

162 2253 266 2305 eiuro,
289 2232 325 2293 Si
343 2238 450 2309 pudor
470 2242 523 2307 est,
544 2238 649 2312 cipido
671 2254 729 2294 uec
746 2253 859 2311 meme
880 2242 968 2312 teuqo
989 2254 1083 2312 qeuu,
1106 2234 1143 2294 cf.
1168 2234 1224 2294 Ov.
1259 2233 1294 2292 A.

160 2342 195 2399 A.
218 2340 242 2398 L
268 2339 444 2399 lsi-458:
471 2340 616 2416 «Respice
637 2342 797 2416 praeterea,
819 2343 890 2418 post
910 2359 965 2400 vos
989 2343 1176 2417 quicumque
1206 2339 1295 2398 sede·

160 2446 213 2514 bit,
236 2443 282 2503 Ne
302 2448 427 2520 premat
452 2447 593 2520 opposito
624 2445 732 2504 mollia
761 2449 848 2521 terga
876 2465 982 2520 genu.»
1017 2482 1057 2488 —
1084 2449 1143 2523 qui
1172 2453 1298 2523 spectas

159 2559 227 2628 post
248 2551 314 2623 uos,
337 2550 356 2610 i.
380 2571 404 2610 e.
427 2551 461 2609 in
482 2551 628 2612 subsellio
650 2553 816 2628 superiore.
839 2589 879 2595 —
900 2572 957 2613 uec
971 2573 1078 2630 preme
1092 2561 1183 2630 terqa
1197 2572 1297 2630 peuri,

159 2658 182 2716 ii
204 2659 298 2729 enim,
322 2659 428 2733 quiin
454 2656 599 2716 subsellio
631 2661 789 2734 superiore
820 2659 977 2729 sedebant,
1009 2658 1103 2735 pedes
1132 2657 1299 2735 ponebant

160 2767 194 2822 in
215 2767 303 2840 parte
324 2767 496 2840 posteriore
517 2764 657 2824 subsellii
677 2766 843 2825 inferioris.

213 2872 248 2930 V.
272 2871 399 2930 25-28.
423 2870 484 2931 Sed
507 2873 648 2931 uimium
668 2874 812 2945 demisso,
842 2871 881 2931 ad
910 2892 969 2932 vss.
1003 2873 1130 2932 as-al.
1165 2872 1202 2932 cf.
1239 2873 1295 2933 Ov.

159 2978 193 3037 A.
215 2977 251 3037 A.
275 2978 298 3036 I.
324 2978 500 3037 153--1562
527 2978 641 3037 «Pallia
663 2981 690 3037 si
709 2982 793 3038 terra
815 2979 949 3038 nimium
970 2979 1105 3038 demissa
1134 2979 1295 3048 iacebunt,

159 3085 275 3162 Collige
297 3089 327 3145 et
348 3086 510 3145 immunda
532 3086 655 3146 sedulus
677 3088 751 3147 effer
773 3089 877 3148 humo.
908 3089 1065 3158 Protinus,
1097 3087 1192 3147 officii
1224 3106 1295 3164 pre-

158 3196 246 3263 tium,
268 3194 406 3267 patiente
428 3193 532 3268 puella
553 3193 744 3268 Contingent
765 3196 861 3254 oculis
883 3213 973 3253 crura
992 3193 1129 3253 videnda
1143 3196 1234 3253 tuis.»
1254 3229 1294 3234 —

160 3299 291 3374 Quoque
312 3300 415 3374 inopis
435 3305 558 3374 spectes,
583 3300 739 3357 sententia
759 3301 904 3374 elliptioa,
931 3301 1018 3357 cuius
1049 3297 1223 3358 subiectum
1246 3301 1294 3358 in·

159 3405 322 3465 definitum
344 3408 407 3478 est;
430 3407 593 3481 intellege:
615 3409 646 3466 et
667 3426 726 3483 quo
748 3409 847 3482 magis
868 3408 935 3466 haec
956 3427 1046 3466 crura
1066 3408 1186 3482 spectes
1210 3407 1292 3483 (spe-

159 3515 284 3581 ctemus,
308 3514 425 3587 spectet
447 3513 580 3589 aliquis),
603 3531 638 3572 eo
660 3515 758 3587 magis
779 3515 931 3589 placeant.

212 3620 247 3678 V.
271 3620 399 3679 29—31.
427 3620 516 3680 Talia
539 3621 697 3681 Miluuiou
718 3623 881 3681 Atalantes
904 3640 999 3680 curura
1018 3622 1144 3698 suqocis
1163 3621 1293 3696 Optauit

160 3724 308 3784 »nauibus
337 3726 524 3784 sustinuisse
545 3729 619 3798 suis,
642 3744 682 3784 sc.
705 3727 740 3784 in
762 3728 861 3798 ccitu;
893 3725 1091 3800 cogitandum
1111 3725 1151 3784 de
1172 3743 1211 3784 ea
1232 3727 1289 3787 Ve-

158 3832 242 3889 neris
263 3829 370 3904 figura
394 3850 486 3907 quam
508 3832 561 3891 Ov.
578 3832 612 3890 A.
628 3833 663 3891 A
687 3832 745 3891 HI.
770 3832 938 3892 775-776.
961 3833 1006 3890 ita
1026 3830 1187 3890 describit:
1215 3831 1290 3889 «Mi-

158 3938 266 3996 lanion
285 3938 401 3995 umeris
423 3937 584 3998 Atalantes
606 3958 696 3997 crura
716 3938 852 3998 ferebat:
875 3938 909 3998 Si
928 3937 1012 3997 bona
1032 3941 1114 4008 sunt,
1136 3938 1196 3997 hoc
1216 3941 1293 3998 sunt

158 4042 338 4120 accipienda
359 4046 477 4104 modo.»
502 4045 620 4105 Eadem
642 4049 740 4106 coitus
770 4047 871 4105 forma
900 4048 1089 4121 conspicitur
1118 4048 1152 4105 in
1181 4045 1292 4122 phiala

158 4150 300 4224 quadam,
323 4169 390 4227 quae
413 4150 568 4228 descripta
589 4156 635 4211 est
650 4151 733 4229 apud
746 4153 982 4228 Hortwiqium:
997 4153 1056 4212 Die
1071 4153 1290 4229 griechischen
