2896 4754
556 343 598 385 su
614 343 663 387 111.
682 340 708 402 c,
725 339 832 387 ao—ra.
1201 323 1253 376 ⁹237

178 518 214 578 V.
238 519 276 578 29
290 554 300 558 ‚‚
318 518 365 578 30.
389 519 532 596 Alpheon
553 520 681 578 divorsis
703 537 828 577 cicerem
843 520 932 577 torris
952 517 1090 594 Virginis
1111 521 1257 580 Arcadica

117 632 229 685 certus
251 628 358 702 adegit
380 645 477 695 umor,
501 625 698 696 Arethusam,
721 625 892 702 nympham
913 624 1087 695 Arcadiam,
1109 625 1256 684 comitem

117 733 245 803 Dianae,
268 732 415 808 Alpheus
438 733 539 792 amnis
560 733 667 802 Elidis,
691 752 795 791 amore
817 734 962 791 incensus
988 733 1158 807 fugientem
1188 753 1255 809 per·

120 842 249 898 secutus
280 842 326 898 est
357 840 412 898 sub
442 839 523 898 mari
553 859 649 916 usque
681 839 720 897 ad
750 839 916 914 Ortygiam,
940 839 1075 898 insulam
1099 839 1258 917 Syracusis

120 947 272 1018 vicinam,
307 946 359 1006 ubi
390 947 460 1004 lons
494 947 650 1005 Arethusa
680 947 861 1022 permansit.
890 946 933 1005 Of.
966 946 1057 1022 Verg.
1088 947 1165 1005 Aen.
1198 923 1267 1005 HI.

125 1055 201 1114 699-
214 1057 308 1115 -«696;
336 1054 478 1114 «Sicanio
501 1057 652 1130 praetenta
674 1057 746 1113 sinu
767 1056 848 1113 iacet
876 1054 979 1119 insula
1009 1056 1118 1112 contra
1137 1054 1258 1130 Plemy-

126 1163 212 1219 rium
233 1161 406 1222 undosum:
429 1182 545 1222 nomen
567 1162 671 1220 dixere
686 1164 806 1238 priores
823 1145 991 1238 Ortygiam
1007 1160 1161 1236 Alpheum
1177 1161 1261 1219 fama

131 1271 180 1327 est
200 1269 260 1326 huc
281 1269 379 1327 Elidis
402 1289 527 1329 amnem
560 1269 701 1328 Occultas
733 1269 830 1344 egisse
861 1272 927 1329 vias
957 1270 1062 1328 subter
1090 1286 1185 1337 mare,
1208 1267 1260 1343 qui

130 1393 215 1434 nuno
238 1376 306 1445 Ore,
329 1375 491 1446 Arethusa,
516 1379 569 1435 tuo
593 1376 704 1436 Siculis
727 1376 928 1435 confunditur
957 1376 1077 1434 undis».
1099 1411 1139 1464 ᾗ-
1160 1377 1260 1435 diocr-

130 1485 182 1554 sis,
204 1482 390 1558 longinquis.
413 1519 453 1525 —
480 1483 619 1560 Virginis
641 1485 796 1556 Arcadica,
818 1483 912 1559 genit.
939 1481 1047 1542 obiect.
1080 1517 1120 1522 --
1150 1488 1260 1550 ceatur,

131 1591 246 1660 firmus,
280 1594 445 1659 constans;
478 1590 514 1648 cf.
539 1591 592 1649 Ov.
626 1591 699 1649 Met.
728 1592 780 1651 IV.
807 1591 881 1650 156:
909 1609 1000 1666 «quos
1032 1591 1133 1648 certus
1165 1607 1262 1657 amor,

132 1715 208 1772 quos
229 1697 307 1757 hora
327 1697 497 1754 novissima
517 1697 647 1755 iunxit».

158 1842 162 1848 -
187 1802 222 1862 V.
246 1804 311 1862 31--
326 1805 373 1863 3⁹2.
398 1805 514 1877 Xutho,
537 1823 575 1862 ex
596 1805 773 1862 coniectura
786 1803 821 1861 N.
838 1800 976 1870 Heinsii;
993 1801 1113 1859 codices
1128 1801 1261 1862 habent:

135 1911 271 1969 Xantho,
298 1909 421 1968 Xuthus
444 1913 510 1968 erat
530 1910 672 1968 Hellenis
693 1908 784 1978 filius,
806 1907 895 1967 Aeoli
917 1910 947 1966 et
967 1905 1045 1965 Dori
1074 1907 1177 1977 frater,
1210 1909 1264 1981 qui

133 2034 263 2074 uxorem
285 2015 371 2073 duxit
394 2015 549 2085 Creusam,
573 2016 671 2074 filiam
692 2014 869 2084 Erechthei,
886 2015 966 2088 regis
981 2012 1084 2071 Attici.
1099 2048 1138 2054 —
1154 2013 1262 2085 Pence,

133 2120 245 2179 fluvius
266 2119 441 2179 Thessaliae.
458 2156 470 2161 -
494 2157 498 2160 ·
520 2121 704 2180 Phthiotam
721 2123 821 2194 terrie,
837 2119 871 2178 in
886 2118 1060 2190 Thessalia;
1084 2122 1166 2177 terra
1180 2118 1265 2176 enim

135 2226 292 2286 Phthiotis
314 2228 380 2284 erat
401 2245 473 2301 pars
495 2226 670 2284 Thessaliae.
693 2226 762 2284 Hoc
792 2226 859 2284 loco
890 2244 962 2300 pars
989 2244 1045 2299 pro
1076 2228 1159 2287 toto:
1190 2243 1265 2282 nam

133 2333 255 2390 Peneus
273 2331 307 2390 in
328 2331 488 2391 Thessalia
511 2332 643 2406 quidem,
677 2333 731 2391 sed
759 2351 824 2390 non
854 2335 888 2390 in
919 2314 1099 2392 Phthiotide
1127 2331 1236 2392 fluit..-
1254 2372 1265 2377 ν

136 2439 330 2512 Phthiotam,
345 2458 421 2514 pro:
443 2439 671 2498 Phthiotamm.

190 2546 226 2605 V.
250 2547 297 2606 33.
320 2547 455 2623 Asopon,
476 2545 598 2622 Asopus
613 2550 660 2605 est
674 2545 785 2605 fluvius
806 2547 943 2605 Boeotiae.
960 2583 965 2587 -
981 2582 1000 2587 -·
1016 2546 1133 2606 Martio
1158 2546 1267 2618 Thctc,

138 2652 303 2725 Thebana;
326 2673 399 2711 nam
420 2654 561 2713 Thebani
576 2657 637 2713 orti
663 2657 735 2713 sunt
750 2674 787 2713 ex
802 2654 945 2712 dentibus
961 2653 1103 2711 draconis
1118 2672 1136 2710 a
1151 2652 1267 2712 Cadmo

139 2760 250 2830 necati,
273 2759 364 2818 draco
386 2762 489 2819 autem
511 2764 577 2819 erat
606 2761 688 2819 filius
719 2759 837 2818 Martis.
871 2759 914 2818 of.
947 2759 1000 2818 Ov.
1032 2759 1105 2818 Met.
1128 2759 1186 2818 ΙΙΙ
1210 2760 1267 2820 32:

143 2864 290 2924 «Martius
312 2867 436 2942 anguis»
463 2871 493 2927 et
523 2867 595 2927 ibid.
619 2869 696 2928 531:
733 2867 849 2943 «proles
878 2865 1060 2935 Mavortia»,
1091 2866 1109 2924 i.
1142 2886 1167 2925 e.
1189 2868 1269 2926 The·

139 2973 221 3031 hani.
247 2972 390 3034 Ceterum
411 2975 525 3045 Thebe,
546 2976 644 3050 Asopi
673 2994 758 3045 uxor,
792 2974 873 3051 apud
905 2973 981 3032 alios
1012 2972 1176 3048 scriptores
1204 2993 1269 3032 non

140 3082 283 3151 occurrit,
305 3080 359 3139 sed
380 3080 492 3156 saepius
514 3084 775 3140 commemoratur
794 3079 909 3151 Thebe,
929 3079 1026 3155 Asopi
1046 3079 1111 3137 filia
1133 3077 1179 3156 (ut
1200 3098 1224 3137 e.
1241 3099 1268 3154 g.

139 3186 254 3247 Herod.
277 3187 312 3247 V.
337 3187 407 3265 80.),
431 3206 449 3245 a
471 3207 532 3262 qua
551 3187 624 3246 urbs
646 3187 822 3246 Thebarum
844 3188 1045 3246 denominata
1066 3205 1132 3244 esse
1163 3187 1268 3245 fertur.
1364 3220 1366 3225 ·

194 3295 230 3354 V.
253 3296 310 3354 35--
335 3295 381 3355 37.
409 3296 536 3354 Coraca
557 3299 585 3355 ci
607 3303 665 3355 tau
679 3315 767 3355 halac
782 3297 839 3355 ubi
853 3298 926 3369 siat,
942 3295 1083 3363 Aclteloc,
1097 3295 1269 3369 requiram,

140 3401 288 3461 Herculis
310 3405 396 3462 irato
416 3407 520 3481 fructa
551 3423 681 3480 paterere
711 3421 823 3475 maha,
853 3400 1003 3460 Hercules
1034 3419 1104 3458 cum
1134 3398 1272 3458 Acheloo

141 3527 199 3584 pro
220 3509 370 3568 Deianira
392 3510 579 3586 depugnavit
601 3513 632 3569 et
653 3510 784 3568 alterum
806 3527 903 3567 cornu
924 3510 990 3566 eius
1014 3509 1113 3583 fregit.
1136 3542 1176 3548 —
1201 3507 1272 3565 Cor-

141 3637 233 3678 nua.
250 3665 281 3678 ..
319 3624 383 3689 tua,
421 3636 536 3676 cornua
570 3617 686 3676 habent
721 3616 902 3693 plerumque
947 3614 990 3673 dii
1024 3613 1196 3673 fluviorum.

142 3726 284 3797 Acheloe,
306 3723 417 3783 fluvius
438 3725 521 3782 inter
542 3724 695 3783 Aetoliam
726 3726 756 3782 et
785 3721 994 3781 Acarnaniam
1015 3720 1123 3779 fluens.
1146 3719 1273 3778 —Nec

143 3833 228 3890 taciti
252 3831 393 3908 Calydon
407 3851 465 3891 acc
487 3838 552 3890 toto
572 3832 695 3890 Aetolia
717 3833 810 3901 tanti,
830 3829 980 3887 Deianira
1001 3829 1068 3886 erat
1081 3824 1145 3884 filia
1166 3825 1272 3893 Oenei,

143 3937 225 4013 regis
247 3937 409 4013 Calydonii
429 3939 464 3996 in
485 3937 614 3997 Aetolia.

139 4084 142 4088 ·
198 4043 234 4103 V.
258 4045 386 4103 38--·-ta.
410 4047 493 4104 dives
509 4092 514 4104 .
532 4090 559 4104 ..
586 4045 687 4114 Nilus,
711 4044 783 4118 quia
803 4040 1013 4099 inundatione
1024 4058 1079 4096 sua
1099 4038 1273 4114 Aegyptum

146 4151 280 4212 fertilem
302 4153 332 4209 ct
355 4150 483 4210 divitem
505 4151 614 4209 facit·
643 4158 798 4225 septena
821 4167 877 4223 per
898 4148 987 4218 ostiu,
1019 4145 1055 4202 cf.
1089 4143 1158 4202 adn.
1182 4161 1276 4217 supra
