2896 4754
551 339 592 380 in
608 339 641 394 11,
662 336 685 393 4,
705 335 811 382 ati—lc.
1193 317 1242 367 109

164 516 204 573 V.
227 516 273 574 23.
297 515 433 573 Molliter
454 517 582 577 dcccclii,
605 516 639 571 ut·
659 510 814 591 Prop‘hll.
839 512 884 580 12,
908 511 954 572 it.
988 511 1024 570 de
1047 515 1166 587 puella:
1194 514 1243 569 out

102 625 239 681 soleant
260 623 397 680 mollit-er
417 623 463 679 ire
485 620 607 697 pedes».
631 655 670 662 —-
693 623 792 679 tritara
822 623 905 680 dcu’c
938 627 989 693 cst,
1012 617 1127 692 rigidos
1148 619 1243 677 habet

104 732 228 787 motus,

168 836 204 894 V.
228 837 274 894 95.
297 835 521 910 flectitque...
545 852 658 905 ccccm,
681 832 700 889 i.
725 851 749 890 e.
774 831 957 900 modulatur,
981 850 1144 889 numerose
1176 824 1241 889 mu-

110 944 183 1012 tat;
207 942 242 1000 cl.
264 940 329 1002 Tib.
362 940 385 998 I.
411 941 437 1010 7,
460 940 517 997 37:
555 957 659 998 «voces
689 938 847 997 inflectere
874 942 983 998 cantu»
1009 942 1040 997 et
1060 938 1183 997 Lucret.
1206 938 1243 996 V.

114 1049 214 1108 1486:
241 1048 374 1106 «Ducere
405 1045 596 1104 multimodis
618 1063 707 1103 voces
729 1048 760 1102 et
780 1043 902 1103 flectere
925 1049 1062 1104 cantus».
1154 1050 1243 1124 focil-

111 1156 205 1220 lima,
227 1173 283 1229 pro
305 1153 457 1212 adverbio
1036 1223 1040 1230 p

174 1262 210 1321 V.
233 1263 279 1321 al.
314 1264 462 1338 querulus
494 1263 595 1320 habile·
623 1262 783 1336 percurrit
811 1262 924 1336 pollice
956 1263 1096 1327 chordas,
1119 1262 1154 1319 of.
1178 1261 1244 1322 Tib.

114 1368 161 1427 Π.
185 1370 210 1437 5,
234 1369 270 1428 3:
298 1373 433 1428 «vocales
455 1368 611 1444 impellere
633 1369 744 1444 pollice
766 1369 926 1428 chordas».

171 1476 206 1534 V.
230 1475 356 1534 29---32
380 1476 450 1543 ,Illa
468 1476 573 1550 placet
593 1484 681 1551 peste
712 1495 943 1552 arcmcrosoque
979 1477 1126 1535 bracchia
1148 1480 1244 1540 ducit.

117 1585 222 1658 agitur
243 1584 278 1641 de
300 1583 433 1656 gestibus
457 1585 617 1654 saltantis;
639 1586 733 1658 poeta
754 1586 826 1641 ante
849 1587 953 1642 oculos
975 1583 1083 1642 habuit
1096 1583 1185 1659 Prop.
1203 1584 1243 1641 ΙΙ.

118 1689 168 1758 22,
192 1691 228 1749 5:
255 1688 341 1748 «Sive
364 1689 474 1763 aliquis
496 1689 583 1747 molli
604 1688 722 1747 diducit
743 1689 875 1747 candida
896 1691 984 1762 gestu
1004 1689 1182 1748 Bracchia».
1206 1725 1246 1731 --
1304 1769 1307 1777 .

120 1816 298 1865 numerosa,
322 1816 378 1871 pro
401 1797 554 1855 adverbio.
578 1833 591 1838 -
639 1798 677 1854 ab
700 1806 775 1865 orde,
798 1817 871 1872 pro:
896 1800 969 1864 arte,
992 1799 1026 1854 ut
1048 1795 1142 1855 etiam
1163 1797 1246 1855 infra

125 1904 168 1962 H.
194 1905 238 1974 la,
261 1904 288 1962 2.
312 1906 342 1963 et
362 1904 403 1962 Π.
430 1904 473 1969 15,
507 1904 560 1973 ll;
593 1903 631 1961 ad
663 1904 838 1977 exemplum
866 1903 931 1962 Tib.
964 1904 987 1960 Ι.
1020 1905 1047 1971 9,
1081 1905 1138 1962 tt:
1165 1921 1245 1962 «non

122 2012 215 2070 solita
236 2029 346 2086 corpus
376 2010 414 2069 ab
445 2013 509 2069 arte
539 2013 658 2068 movet»
694 2014 723 2067 et
754 2011 777 2067 Ι.
809 2012 835 2078 5,
868 2012 904 2069 d:
940 2009 1056 2096 «Quem
1088 2013 1168 2068 celer
1197 2009 1247 2068 ad·

126 2121 211 2176 sueta
241 2121 344 2177 uersat
366 2117 404 2176 ab
435 2121 500 2176 arte
531 2136 622 2192 puer»
658 2120 688 2174 et
718 2118 759 2176 Π.
794 2119 818 2185 1,
846 2119 899 2175 56:
927 2117 1063 2175 «Primus
1085 2119 1248 2192 inexperta

118 2225 211 2283 duxit
231 2224 268 2282 ab
290 2227 355 2282 arte
377 2225 502 2283 chorosl
538 2227 568 2283 et
598 2225 688 2298 Prop.
720 2224 777 2281 HI.
811 2225 857 2288 25,
890 2226 926 2282 5:
952 2226 1028 2282 «ista
1050 2243 1118 2281 sum
1140 2227 1248 2299 captus

119 2330 159 2389 ab
181 2333 274 2388 arte».
296 2366 336 2372 --
357 2350 453 2388 causo
469 2375 475 2388 .
492 2376 520 2388 ..
545 2331 583 2388 ub
607 2332 703 2401 caeni,
726 2332 820 2387 etiam
842 2330 989 2388 hocloco
1011 2331 1050 2387 ab
1073 2347 1143 2387 oum
1165 2329 1247 2388 abla-

120 2439 186 2495 tivo
207 2457 263 2512 pro
286 2437 420 2513 simplici
441 2436 589 2508 ablativo3
613 2437 649 2495 ef.
673 2437 741 2496 adn.
776 2456 868 2512 supra
899 2437 937 2494 ad
968 2437 991 2494 Ι.
1025 2437 1069 2505 13,
1102 2437 1159 2495 ll:
1194 2436 1248 2493 «ab

122 2544 246 2602 annisi.
268 2579 308 2586 —·
329 2545 548 2620 Hippolytum,
564 2545 645 2603 filius
660 2545 779 2615 Thesei,
802 2545 962 2620 privignus
984 2544 1128 2613 Phaedrae,
1146 2562 1247 2602 exem-

99 2651 102 2657 '
121 2649 210 2726 plum
231 2650 390 2709 castitatis.
413 2686 452 2691 --
477 2652 618 2726 Priapus,
643 2651 716 2709 deus
738 2651 916 2720 fertilitatis,
940 2652 1025 2709 cuius
1050 2650 1172 2724 signum
1192 2652 1248 2724 lig-

122 2774 219 2815 neum
241 2757 338 2815 minio
358 2760 484 2833 pictum,
517 2758 636 2816 nudum
661 2761 692 2816 et
721 2778 800 2834 pene
823 2761 932 2827 erecto,
955 2757 989 2814 in
1011 2758 1111 2816 hortis
1133 2776 1248 2832 ponere

119 2862 263 2923 solebant
285 2864 411 2938 antiqui.

177 2973 213 3030 V.
235 2972 274 3030 33
301 2972 364 3030 -3u
386 2974 462 3047 quic
486 2980 552 3030 talll
575 2974 669 3047 leupo
691 2992 728 3040 es,
754 2980 865 3031 ceteros
887 2974 1031 3032 heroidas
1053 2991 1168 3047 ceqrcas,
1186 2971 1250 3029 deae

127 3082 159 3137 et
180 3079 317 3138 heroinae
338 3079 502 3152 grandiore
518 3084 606 3139 erant
621 3083 746 3150 statura,
765 3100 857 3156 quam
871 3079 1032 3150 homines;
1049 3081 1144 3139 etiam
1158 3081 1248 3154 Prop.

124 3185 169 3243 H.
192 3187 218 3253 ἲ,
242 3187 329 3244 5-6.
353 3185 396 3243 ita
417 3184 522 3243 laudat
554 3184 739 3260 Cynthium:
776 3188 927 3244 «maxima
957 3175 1026 3244 toto
1054 3185 1187 3261 Corpore
1220 3188 1252 3243 et

126 3292 243 3351 incedit
281 3297 330 3351 vel
364 3293 436 3351 iove
479 3292 572 3366 digna
602 3313 716 3352 soror».
747 3328 786 3334 —-
818 3297 851 3356 iu
883 3301 942 3352 toto
959 3340 965 3352 .
983 3340 1012 3352 ..
1046 3302 1120 3355 toro.
1150 3294 1250 3350 totum

123 3399 257 3474 implens
279 3402 389 3458 torum.
473 3400 582 3472 cardiu,
605 3418 725 3472 magna.

179 3506 213 3564 V.
237 3506 297 3564 37--
312 3507 366 3565 38.
392 3507 464 3564 Noa
492 3514 535 3564 cst
564 3508 668 3565 occlto:
688 3509 780 3579 subit,
803 3508 882 3583 qaid
904 3511 996 3567 eultae
1019 3511 1163 3567 accedere
1182 3524 1254 3580 pos-

127 3613 179 3681 sit,
214 3613 335 3671 Grauia
365 3592 429 3671 est:
461 3617 545 3672 dotes
577 3615 701 3673 exhibet
731 3616 801 3691 ipso
831 3633 913 3685 sitos,
944 3617 979 3671 ut
1012 3615 1103 3688 Prop.
1132 3614 1174 3672 ΙΙ.
1204 3614 1250 3682 25,

128 3718 193 3775 45-
209 3718 262 3776 46:
289 3718 422 3793 «illaque
444 3718 564 3793 plebeio
592 3721 641 3778 vel
663 3721 703 3777 sit
725 3721 868 3796 sandycis
890 3719 1023 3779 amictu:
1054 3721 1129 3778 Haec
1159 3723 1252 3795 atque
1288 3774 1290 3780 .

125 3824 181 3882 illa
201 3826 276 3883 mali
297 3826 434 3884 vulneris
456 3845 518 3883 una
539 3827 589 3883 via
611 3829 684 3884 esti.
769 3829 860 3896 subit,
883 3827 916 3884 in
938 3830 1075 3885 mentem
1096 3828 1190 3886 venit.

179 3933 214 3990 V.
238 3934 367 3992 zia-lo.
393 3935 540 3994 Candido
561 3953 610 3993 me
632 3936 743 4008 capiet,
766 3937 868 4009 retract
889 3953 937 3992 rac
957 3936 1041 4009 (lavo
1058 3937 1178 4009 puella,
1201 3936 1256 3993 Est

125 4040 223 4098 etium
244 4042 280 4098 ia
307 4041 393 4115 fusco
416 4049 508 4112 proto
537 4043 636 4099 colore
671 4041 780 4113 Venae,
810 4042 902 4115 poeta
930 4040 1072 4098 imitatur
1099 4041 1190 4115 Prop.
1212 4041 1253 4098 Π.

125 4147 173 4215 25,
196 4146 335 4205 alu-la:
362 4147 506 4206 «Vidistis
528 4147 620 4221 pleno
641 4150 781 4205 teneram
805 4147 937 4205 candore
959 4147 1102 4221 puellam,
1125 4147 1256 4206 Vidistis
