2896 4754
164 335 217 387 2230
593 356 635 399 an
650 356 700 399 111.
718 353 743 411 3,
756 352 862 400 37-48.
982 368 987 375 ·

163 531 250 591 eidus
271 534 410 607 periuros
438 531 518 590 ridet
548 535 689 591 amantes
720 531 876 608 Iuppiter»
902 535 933 591 et
953 533 1027 592 ibid.
1050 532 1183 593 ease:
1205 537 1261 593 aliea
1316 520 1319 547 ¹

164 641 207 698 sie
229 638 266 698 de
288 641 388 698 nihilo
410 638 550 697 fulminis
572 641 619 698 ira
640 638 739 700 eadit:
762 638 904 698 Periuras
926 642 1001 698 tuno
1022 640 1074 698 ille
1090 643 1165 699 solet
1177 643 1260 719 punire
1317 646 1319 659 '

163 749 308 820 puellas.»

216 852 251 911 V.
275 852 319 911 37-
338 851 402 912 la.
430 853 485 911 Tot
507 870 648 911 »aereaere
668 852 742 927 peti,
775 871 814 911 se.
837 851 976 911 fulmine,
1016 888 1039 893 --
1061 851 1177 913 Semele
1195 855 1261 912 raiee·

164 954 381 1030 retorserat,
404 975 443 1016 se.
468 957 597 1015 fulmine
619 955 697 1027 ieta;
727 959 825 1016 oravit
855 959 941 1016 enim
963 958 1079 1028 Iovem,
1107 962 1141 1018 ut
1160 961 1262 1034 insigni·

163 1056 219 1123 bus
240 1063 414 1123 divinitatis
437 1066 564 1121 ornatus
587 1064 625 1121 ad
647 1082 679 1122 se
710 1064 838 1132 veniret,
872 1063 954 1139 quod
984 1081 1053 1121 oum
1085 1066 1264 1140 impetrasset,

35 1212 39 1217 -
161 1175 231 1230 usta
253 1174 299 1230 eat
320 1171 460 1240 fulmine,
483 1170 563 1247 quod
586 1170 726 1246 Iuppiter
747 1170 855 1229 dextra
876 1172 986 1229 tenuit.
1027 1202 1049 1210 —
1071 1169 1193 1244 Semele,
1218 1191 1265 1229 rna·

161 1283 209 1338 ter
229 1280 352 1340 Baeehi.
376 1317 395 1322 —
439 1281 550 1357 Officio
566 1327 572 1339 .
590 1327 596 1340 .
614 1327 619 1339 .
636 1299 703 1351 aue,
735 1299 828 1338 sensu
859 1279 1000 1351 obscene,
1022 1283 1057 1339 ut
1078 1281 1160 1339 infra
1179 1280 1228 1338 ΙΠ.
1247 1281 1267 1348 7,

162 1387 219 1445 ll:
246 1387 320 1445 «Ter
340 1387 433 1446 Libas
456 1385 556 1446 officio
587 1389 770 1446 continuata
799 1406 868 1447 meo
900 1390 975 1458 est»,
1007 1387 1061 1446 ubi
1091 1387 1127 1447 ef.
1159 1387 1222 1446 adn.
1240 1421 1269 1428 --

162 1501 300 1564 remma,
324 1492 362 1551 ad
384 1511 415 1550 se
437 1494 632 1551 venturo.
656 1493 728 1551 Noa
748 1499 841 1568 poter
862 1497 898 1552 ia
919 1481 1176 1553 Bacchomatris
1196 1494 1272 1552 labe-

163 1608 208 1658 νοτ
228 1620 315 1678 opas,
338 1600 374 1658 ef.
399 1601 452 1660 Ov.
475 1601 558 1660 Fast.
581 1601 639 1659 ΠΙ.
663 1601 690 1669 7,
715 1600 881 1660 717-’718.
906 1600 956 1670 (de
977 1600 1132 1678 Baeoholz
1151 1619 1237 1677 «puer
1248 1602 1276 1658 ut

162 1727 267 1782 posses
288 1711 412 1767 maturo
433 1711 573 1783 tempere
594 1711 690 1778 nasei,
711 1709 879 1784 Expletum
900 1711 1002 1784 patrio
1023 1726 1152 1784 torpore
1181 1708 1278 1768 matris

162 1833 263 1889 opus.»
289 1814 430 1890 Iuppiter
451 1816 536 1872 enim
550 1813 717 1883 Baeehum,
734 1813 832 1872 fetum
846 1816 1050 1873 immaturum
1066 1812 1194 1872 Semelae
1208 1833 1280 1873 oom-

160 1920 265 1990 bustae,
289 1921 398 1979 femori
421 1940 475 1978 suo
497 1921 602 1978 insuit.

152 2088 156 2097 ‚
214 2026 249 2085 V.
272 2026 319 2084 42.
340 2035 459 2101 pertua,
482 2045 541 2084 eor.

214 2134 249 2193 V.
272 2133 319 2192 le.
342 2135 410 2192 atae
429 2135 555 2209 frerule,
578 2136 715 2208 impune,
737 2137 771 2192 ut
784 2136 820 2192 in
841 2138 907 2208 lege
930 2133 1094 2193 duodecim
1117 2134 1287 2193 tabularum

162 2240 243 2317 apud
266 2238 326 2299 010.
349 2240 396 2298 De
418 2241 494 2314 legg.
519 2241 544 2308 7,
569 2241 625 2299 6οε
653 2259 701 2298 ase
723 2240 830 2299 fraude
852 2242 943 2298 esto.»

214 2350 248 2407 V.
272 2348 319 2406 46.
344 2351 469 2421 tetricis,
493 2351 615 2414 severis,
638 2349 764 2422 rigidis;
787 2348 823 2407 ef.
847 2348 929 2406 infra
949 2349 1007 2406 ΙΠ.
1030 2349 1057 2417 8,
1081 2348 1130 2408 61:
1152 2351 1291 2408 «tetricas

160 2456 317 2516 Sabinas.»

214 2564 248 2623 V.
272 2562 321 2622 47-
353 2563 400 2622 48.
424 2567 516 2635 deae,
538 2563 744 2636 indulgentia.
767 2599 781 2604 -
802 2599 806 2604 -
838 2564 936 2622 oculis
951 2609 957 2621 .
975 2609 982 2621 .
999 2609 1006 2621 .
1021 2581 1117 2639 parce
1134 2609 1140 2621 .
1157 2608 1164 2622 .
1183 2609 1190 2621 .
1206 2565 1293 2632 meis,

159 2668 224 2727 noli
245 2671 383 2744 peierare
405 2686 460 2743 per
482 2672 586 2726 oeulos
608 2687 710 2739 meos;
733 2669 769 2727 ef.
793 2688 888 2743 supra
907 2687 967 2726 vss.
994 2667 1029 2726 13
1050 2668 1130 2727 ---rl:
1156 2668 1294 2745 «Perque

160 2796 230 2834 suos
252 2768 338 2833 illam
359 2794 467 2850 nuper⁴
480 2778 597 2833 iurasse
618 2774 762 2834 recordor
783 2777 901 2849 Perque
925 2794 1009 2833 meos
1040 2778 1164 2834 oeulos:
1189 2777 1222 2833 et
1243 2774 1293 2833 do·

159 2887 243 2941 luere
265 2886 352 2941 mei.»

697 3087 749 3146 IV.

552 3231 630 3291 Lib.
652 3231 725 3292 III.
748 3233 833 3311 eleo.
857 3233 893 3308 4.

213 3419 334 3477 Manita
364 3416 402 3476 ad
433 3419 534 3475 virum
563 3417 672 3491 puella
706 3420 834 3476 amatae:
865 3419 987 3477 irritam
1018 3436 1083 3476 esse
1108 3423 1295 3494 puellarum

159 3525 339 3584 custodiam.
365 3525 545 3600 Comparari
566 3528 699 3600 possunt
721 3526 877 3584 eontraria
892 3525 1046 3584 advirum
1062 3526 1185 3583 monita
1199 3544 1296 3600 supra

158 3632 198 3690 H.
224 3632 268 3691 19.
293 3637 323 3690 et
344 3632 510 3690 Menandri
532 3632 741 3706 fragmentum
764 3634 846 3708 apud
869 3632 951 3693 Stob.
972 3632 1054 3692 Flor.
1077 3632 1127 3703 74,
1149 3631 1197 3692 27.
1230 3651 1292 3690 ser·

158 3740 273 3807 vatum,
297 3738 334 3796 de
358 3757 417 3813 quo
439 3741 530 3812 plura
551 3737 619 3796 vide
641 3738 724 3796 infra
746 3741 779 3797 in
802 3738 1063 3797 adnotationibus

212 4059 246 4118 V.
273 4058 357 4117 1---·r.
388 4059 474 4118 Deire
506 4061 561 4134 vir,
592 4061 736 4118 coniunx.
784 4095 806 4099 —
836 4061 982 4135 irrrposa'to
1016 4067 1132 4120 tenerae
1166 4065 1296 4122 elestede

153 4167 282 4240 fretellae
298 4166 354 4224 Nil
368 4167 458 4240 ouis:
481 4168 639 4241 inqeraiost
654 4185 790 4242 arcaeque
813 4172 933 4229 tuenda
954 4188 1020 4240 siro,
1039 4167 1149 4226 eadem
1167 4170 1294 4226 senten-
