2896 4754
478 232 483 240 .
571 178 614 221 iu
629 146 673 221 11.
688 174 836 234 rar-m.

664 456 746 515 xix.

534 591 612 654 aaa.
634 592 686 655 Π.
707 593 792 670 aaa
815 592 876 655 19.

193 777 297 846 Poeta,
321 797 360 836 ne
382 796 544 836 concessus
575 797 662 836 amor
683 780 717 836 in
746 779 872 837 taedium
895 778 954 837 sibi
974 780 1120 846 vertatur,
1152 779 1269 837 ironice

142 884 251 940 monet
271 885 418 941 maritum
439 885 574 942 nimium
596 902 745 952 securum,
762 887 797 942 ut
817 883 952 959 puellam
968 883 1148 957 diligentius
1170 886 1268 942 custo·

141 987 214 1048 diat
246 990 328 1048 Ante
360 991 464 1048 oculos
494 989 604 1048 habuit
634 988 750 1048 Tibulli
781 991 901 1047 ironica
922 988 962 1047 ad
987 991 1149 1062 coniugem
1170 987 1268 1046 Delia

139 1097 262 1174 monita
283 1095 307 1154 I.
331 1096 357 1165 6,
385 1095 519 1155 15----16:

391 1227 428 1278 At
446 1230 488 1289 tu,
506 1226 619 1280 fallacis
638 1211 764 1279 coniunx
782 1227 897 1279 incaute
915 1226 1029 1294 puellae,

387 1315 438 1393 Ide
458 1330 572 1382 quoque
592 1317 715 1380 servato,
735 1316 833 1382 peccet
852 1316 884 1365 ut
903 1312 954 1366 illa
973 1314 1049 1367 nihil

135 1521 196 1580 etc.
219 1519 313 1577 Plura
334 1520 429 1577 etiam
451 1538 488 1579 ex
518 1519 576 1578 hoo
598 1521 736 1578 carmine
759 1522 898 1595 sumpsit,
928 1521 964 1578 ut
983 1519 1067 1583 infra
1088 1522 1121 1578 in
1143 1520 1270 1580 adnota-

136 1626 280 1684 tionibus
302 1624 488 1684 docebimus.

194 1729 283 1791 Idem
304 1730 368 1791 fere
399 1734 617 1806 argumentum
647 1734 798 1790 tractatur
828 1730 882 1790 Ov.
905 1732 940 1791 A.
963 1733 997 1791 A.
1021 1733 1077 1791 III.
1100 1734 1268 1794 577-610.

138 1839 324 1913 Comparari
345 1840 476 1912 possunt
506 1839 663 1896 contraria
695 1835 733 1894 ad
763 1839 866 1896 virum
895 1815 1157 1912 puella-monita
1187 1837 1270 1897 infra

138 1943 199 2002 ΠΙ.
222 1943 250 2004 l.

196 2155 231 2216 V.
257 2156 342 2215 1---4
365 2156 465 2228 stulte,
480 2159 582 2215 virum
596 2156 706 2232 puellae
722 2156 897 2231 alloquitur.
913 2191 952 2196 —-
967 2157 1068 2230 veum,
1084 2126 1216 2233 cupiam.
1236 2194 1241 2196 -
1264 2192 1272 2197 -

139 2263 235 2335 Quod
256 2264 335 2336 licet,
357 2264 521 2341 iapratum
541 2270 605 2333 est;
627 2265 713 2339 quod
734 2280 800 2321 nou
822 2263 901 2336 licet,
922 2264 1027 2321 acriam
1048 2264 1123 2335 urat,
1139 2263 1175 2321 cf.
1197 2263 1270 2322 Phi-

137 2369 258 2429 lodemi
278 2373 471 2447 epigramma
492 2369 599 2447 (Anth.
622 2370 684 2428 Pal.
708 2369 777 2428 XII.
797 2370 861 2440 173,
878 2369 999 2446 3-4.):
1022 2364 1060 2429 οὐ
1081 2367 1145 2449 γὰρ
1159 2367 1271 2449 ἕτοιμα

138 2475 314 2558 Βούλομαι,
337 2469 417 2539 ἀλλὰ
437 2473 534 2538 ποθῶ
547 2479 609 2539 πᾶν
629 2475 666 2537 τὸ
688 2475 942 2557 φυλασσόμενον.
1026 2480 1101 2550 urat,
1124 2477 1269 2553 cupidine
1370 2472 1374 2487 ²

138 2584 292 2644 incendit.
314 2619 355 2625 —-
376 2584 508 2644 Ferreus
530 2589 583 2654 est,
605 2585 673 2642 sine
696 2603 797 2642 sensu.
989 2648 997 2666 ·
1038 2655 1040 2660 .

60 2668 65 2676 ⁵
194 2689 230 2749 V.
254 2691 281 2749 6.
302 2690 344 2755 ,Εἰ
364 2691 464 2764 faciat
484 2695 551 2748 coto
574 2708 650 2747 rora
672 2691 800 2765 repulsu
825 2691 937 2762 locum,
959 2690 1084 2765 repulsa
1113 2689 1269 2750 interdum

138 2796 350 2873 voluptatibus
372 2798 531 2856 amatoriis
560 2799 743 2857 intermixta
775 2799 888 2857 excitet
918 2797 1096 2873 cupidinem
1120 2799 1270 2884 languen-

139 2909 223 2976 tem3
246 2903 355 2963 eadem
376 2903 531 2962 sententia
554 2905 606 2963 Ov.
629 2903 664 2962 A.
687 2904 722 2962 A.
746 2905 801 2963 ΙΠ.
826 2905 903 2995 586ε
924 2904 1099 2963 «Miscenda
1121 2907 1167 2962 est
1190 2906 1270 2963 laetis

140 3031 211 3070 rara
232 3010 356 3087 repulsa
376 3009 478 3069 iocis.»
502 3045 543 3052 --
563 3015 641 3084 voto,
664 2985 813 3087 cupidini.

97 3147 99 3150 ·
195 3118 231 3177 V.
255 3117 343 3178 7—8.
363 3117 429 3189 Quo
445 3119 526 3177 mihi
546 3119 720 3192 fortunam,
741 3118 848 3177 eadem
869 3118 962 3177 verbu
983 3120 1074 3178 initio
1096 3119 1271 3178 hexametri

141 3227 216 3284 Hor.
232 3225 288 3302 Ep.
310 3225 334 3283 I.
357 3226 384 3295 5,
411 3225 455 3284 12.
471 3259 512 3266 —
527 3225 583 3285 Nil
604 3245 669 3301 epo,
686 3229 769 3302 quod
790 3225 879 3284 nullo
903 3232 1040 3301 tempore
1062 3227 1165 3299 laedat,
1188 3243 1269 3295 amo,

141 3336 175 3390 ut
191 3331 245 3392 Ov.
259 3331 296 3391 A.
312 3331 348 3390 A.
363 3331 420 3391 HI.
437 3332 513 3391 598:
541 3331 606 3390 «En
621 3351 676 3406 ego
698 3330 865 3392 confiteor:
887 3353 952 3391 non
974 3334 1037 3392 nisi
1059 3333 1149 3392 laesus
1171 3351 1266 3391 amo.»

195 3439 231 3498 V.
254 3416 374 3497 9--13.'
389 3439 516 3499 Viderat
536 3439 593 3497 hoo
608 3440 645 3496 iu
659 3456 709 3496 me
723 3439 837 3496 vitium
857 3448 983 3497 uersuta
1008 3439 1159 3512 Curiana,
1180 3441 1272 3513 poeta

141 3564 246 3605 amore
269 3545 413 3607 Corinna
445 3565 477 3605 se
506 3547 571 3604 iam
590 3545 726 3604 liberum
756 3564 822 3604 esso
854 3548 884 3605 et
905 3566 989 3606 nunc
1009 3566 1089 3605 novo
1111 3547 1271 3620 indulgere

141 3653 240 3712 amori
261 3652 359 3727 fingit.
381 3687 422 3694 ω
443 3671 543 3729 opem,
566 3655 674 3711 artem.
758 3656 830 3712 soal
852 3656 965 3730 capitis
986 3656 1120 3714 mentito
1141 3654 1270 3724 dolores,

140 3763 176 3817 ut
197 3778 291 3836 supra
312 3759 337 3820 I.
360 3760 387 3829 8,
411 3759 464 3819 73:
492 3759 618 3834 «capitis
650 3758 743 3818 modo
764 3759 845 3833 finge
868 3761 1044 3831 dolorem»;
1077 3764 1169 3836 poeta
1199 3763 1271 3818 ante

142 3867 246 3924 oculos
277 3864 388 3924 habuit
418 3865 483 3924 Tib.
515 3865 539 3924 I.
570 3866 597 3935 6,
621 3866 678 3925 36;
706 3865 848 3924 «simulat
869 3865 970 3924 subito
1001 3865 1193 3925 condoluisse
1224 3885 1271 3923 ca·

140 3975 225 4048 put.»
249 4005 289 4013 ——
309 3975 417 4033 tardo.
431 4016 458 4032 ..
479 3976 567 4048 pede,
589 3971 683 4045 iunge
706 3990 775 4031 cum
798 3956 1009 4032 creactamenl.
1092 3973 1187 4051 finuett
1209 3973 1271 4031 cril-
