2894 4740
486 347 621 391 AMORUM
639 346 675 390 11.
699 343 802 391 18-19.

179 527 256 602 Aut,
282 523 371 606 quod
392 523 578 605 Penelopes
601 523 711 587 verbis
735 522 892 587 reddatur
916 523 1014 601 Ulixi,

225 637 407 703 Scribimus
431 642 464 701 et
486 639 655 714 lacrimae,
680 638 790 720 Phylli
816 638 940 715 relicta,
965 644 1050 715 tuas,

181 755 275 834 Quod
297 754 391 817 Paris
415 757 448 816 et
470 752 647 817 Macareus
665 757 697 817 et
714 753 803 835 quod
825 754 913 817 male
938 757 1051 836 gratus
1075 755 1151 818 Iaso

224 868 466 951 Hippolytique
490 889 613 950 parens
637 869 907 951 Hippolytusque
931 871 1055 949 legant,

182 982 340 1066 Quodque
364 988 483 1047 tenens
508 985 661 1049 strictum
683 984 771 1047 Dido
794 985 996 1048 miserabilis
1020 1005 1134 1048 ensem
1189 1016 1219 1052 ze

226 1100 323 1163 Dicat
347 1104 381 1162 et
402 1100 538 1176 Aeoliae,
564 1101 693 1177 Lesbia,
721 1101 811 1164 fama
833 1102 921 1183 lyrae.

182 1215 289 1294 Quam
313 1217 379 1280 cito
403 1215 443 1280 de
469 1220 541 1280 toto
566 1216 665 1279 rediit
689 1236 783 1279 meus
808 1217 886 1280 orbe
912 1216 1055 1281 Sabinus

227 1331 420 1416 Scriptaque
444 1332 586 1398 diversis
609 1332 741 1396 rettulit
764 1334 821 1397 ille
844 1333 948 1397 locis!

182 1446 331 1512 Candida
352 1447 519 1529 Penelope
544 1449 679 1529 signum
702 1448 858 1529 cognovit
881 1447 997 1522 Ulixis,

227 1564 324 1644 Legit
347 1564 388 1627 ab
411 1563 600 1644 Hippolyto
626 1564 749 1645 scripta
773 1583 917 1627 noverca
941 1584 1020 1640 suo;
1189 1595 1219 1632 eo

180 1680 254 1744 Iam
277 1681 356 1762 pius
378 1682 510 1744 Aeneas
534 1681 664 1743 miserae
688 1680 860 1760 rescripsit
883 1679 1009 1749 Elissae,

227 1796 387 1878 Quodque
412 1797 502 1878 legat
525 1797 662 1877 Phyllie,
689 1796 717 1858 si
741 1794 842 1859 modo
866 1796 957 1870 vivit,
983 1795 1095 1872 edest;

183 1912 300 1975 Tristis
325 1910 366 1974 ad
388 1911 600 1993 Hypsipylen
625 1911 665 1974 ab
688 1912 808 1974 Iasone
834 1911 945 1974 littera
968 1913 1079 1988 venit3

226 2027 291 2090 Det
314 2031 426 2090 votam
449 2027 574 2090 Phoebo
598 2026 715 2090 Lesbis
741 2030 853 2090 amata
875 2027 994 2108 lyram.

182 2144 250 2207 Nec
273 2143 344 2219 tibi,
371 2162 436 2225 qua
459 2147 571 2206 tutum
594 2143 671 2218 vati,
691 2141 811 2217 Macer,
831 2162 925 2205 arma
948 2144 1082 2205 canenti
1190 2173 1219 2208 aa

226 2262 357 2324 Aureus
380 2261 417 2322 in
440 2259 552 2323 medio
576 2258 684 2322 Marte
711 2263 839 2322 tacetur
861 2260 983 2324 Amor:

182 2375 225 2437 Et
247 2373 340 2438 Paris
365 2373 509 2437 estillic
534 2378 567 2436 11
590 2373 751 2448 adultera,
776 2374 888 2437 nobile
914 2374 1049 2449 crimen,

226 2489 270 2552 Et
293 2509 403 2552 comes
428 2490 574 2551 extincto
598 2488 782 2551 Laodamia
804 2489 885 2552 viro.

184 2603 218 2669 Si
243 2606 326 2668 bene
350 2609 383 2668 te
407 2605 496 2678 novi,
522 2624 593 2667 non
618 2604 706 2667 bella
729 2604 889 2667 libentius
913 2604 987 2667 istis

227 2720 318 2783 Dicis
343 2725 376 2784 et
400 2741 419 2783 a
443 2721 563 2783 vestris
587 2721 622 2782 in
646 2741 722 2783 mea
745 2726 854 2785 011111
876 2721 980 2784 venis,
1189 2750 1220 2786 ro

612 3003 699 3066 XIX.

186 3182 221 3248 si
245 3184 307 3246 tibi
330 3204 400 3246 non
425 3204 508 3265 opus
535 3187 746 3257 1111111111,
773 3184 883 3256 1111111,
908 3182 1027 3264 puella,

227 3300 270 3362 At
293 3298 378 3362 mihi
402 3300 454 3361 fao
479 3319 599 3374 serves,
626 3318 690 3380 quo
714 3300 821 3379 magis
845 3299 915 3379 ipse
940 3296 1049 3361 velim.

183 3414 280 3493 Quod
295 3415 384 3491 licet,
401 3415 624 3494 ingratumst3
643 3414 732 3497 quod
747 3436 817 3478 non
833 3417 921 3490 licet,
940 3414 1048 3477 acrius
1064 3415 1150 3478 urit:

227 3531 369 3594 Ferreus
394 3533 452 3606 111,
479 3531 593 3612 siquis
618 3530 708 3612 quod
733 3531 813 3594 sinit
838 3531 930 3604 alter,
956 3533 1055 3593 amat.

184 3645 362 3729 Speremus
385 3647 522 3729 pariter,
547 3647 673 3726 pariter
695 3651 885 3710 metuamus
909 3649 1069 3722 amantes,
1203 3675 1218 3711 s

227 3764 270 3826 nt
293 3764 393 3827 saciat
416 3767 494 3828 voto
519 3784 593 3826 rara
618 3764 752 3844 repulsa
774 3764 905 3827 locum!

183 3878 256 3958 Quo
280 3880 363 3942 mihi
389 3882 570 3952 fortunam,
593 3900 664 3961 quae
689 3899 874 3961 numquam
897 3880 1013 3942 fallere
1037 3883 1153 3942 curet?

227 3997 282 4060 Nil
306 4016 377 4076 ego,
403 3996 491 4077 quod
515 3996 610 4058 nullo
633 4000 783 4077 tempore
808 3994 916 4071 laedat,
943 4014 1028 4058 amo.

182 4109 318 4174 Viderat
342 4112 404 4199 hoo
429 4111 463 4173 in
487 4132 540 4172 me
564 4111 685 4235 vitium
707 4113 841 4173 versuta
864 4107 1020 4184 Corinna,
