2896 4754
527 346 569 388 111
584 347 634 389 nr.
652 342 678 400 a,
697 343 803 390 eo-se.
1181 329 1233 381 25³6

156 519 193 578 V.
216 520 265 578 lo.
293 519 352 579 Vir
373 528 481 579 renuet
503 540 518 579 c
542 527 611 591 toto,
631 540 733 596 perca
753 523 838 597 qnod
868 542 953 583 urire
984 527 1077 602 repit,
1109 526 1145 585 cf.
1178 526 1230 585 Ov.

90 623 175 684 Met.
199 625 270 684 XH.
294 627 370 686 610·
395 628 463 687 611:
490 628 573 686 «Iam
595 630 675 687 cinis
698 631 744 686 est
774 631 805 686 et
831 628 870 687 de
901 632 965 688 tam
996 647 1108 704 magno
1137 634 1233 690 restat

92 733 224 791 Achille
244 732 356 792 Nescio
378 734 461 808 quid,
484 753 611 810 parvam
634 734 714 810 quod
735 755 800 794 non
820 734 898 794 benc
921 740 1073 812 compleat
1091 757 1227 797 urnam.»

155 840 192 898 V.
215 841 263 899 11.
287 860 375 900 sacer
396 850 488 914 cotes,
512 842 548 900 cf.
572 842 643 900 adn.
668 861 761 917 supra
783 842 822 901 ad
844 863 886 901 vs.
912 843 963 902 17:
984 844 1039 902 «At
1054 845 1133 902 sacri
1147 848 1232 904 vates

98 949 131 1004 et
153 945 260 1004 divum
281 966 355 1006 cura
376 967 548 1007 vocamur.»

155 1054 192 1112 V.
215 1055 262 1112 et.
286 1056 471 1127 sustinuere,
494 1055 605 1115 audere
625 1059 801 1132 potuerunt.
1131 1118 1135 1124 ,

155 1161 191 1220 V.
214 1162 262 1220 15.
284 1163 403 1222 Avertit
424 1164 536 1236 vultus,
559 1182 598 1221 ne
621 1163 775 1223 Tibullum
795 1165 831 1223 in
853 1183 926 1238 rogo
958 1165 1118 1223 ardentem
1147 1164 1231 1222 vide·

99 1274 156 1328 ret.
181 1306 186 1311 -
242 1271 350 1346 Erpcis
372 1289 444 1346 quse
461 1274 600 1347 possidet
623 1291 718 1344 orces,
740 1272 862 1342 Venus;
895 1272 931 1330 cf.
964 1271 1035 1329 adn.
1069 1290 1163 1347 supra
1193 1272 1231 1330 ad

100 1377 140 1436 H.
168 1377 213 1446 10.
239 1377 284 1437 11:
312 1376 487 1454 «Erycina»
513 1416 552 1421 --
583 1400 677 1452 orces,
709 1383 825 1456 templa
856 1382 889 1439 in
920 1383 1027 1439 monte
1058 1381 1167 1455 posita,
1198 1382 1232 1437 ut

101 1503 197 1560 supra
217 1485 276 1542 ΙΙΙ.
301 1484 327 1554 3,
351 1485 398 1544 35.

156 1591 190 1650 V.
214 1591 270 1649 47⁰*
295 1594 342 1651 48.
367 1591 428 1652 Sed
451 1599 558 1652 tomen
580 1596 637 1652 boc
658 1595 780 1664 metius,
803 1595 950 1668 quamsi
971 1591 1121 1651 Phoeocia
1142 1594 1232 1652 tellus

102 1698 328 1773 tenerrimae·
349 1704 560 1776 supposuisset
581 1703 687 1772 humo,
709 1702 727 1759 i.
752 1719 777 1758 e.
799 1701 910 1758 melius
940 1702 987 1757 est
1017 1699 1053 1768 ei,
1087 1698 1167 1773 quod
1197 1698 1231 1755 in

101 1804 204 1880 patria
225 1804 309 1875 obiit,
331 1825 396 1864 non
417 1806 451 1863 in
474 1806 616 1882 Corcyra,
638 1810 721 1865 terra
741 1807 923 1881 peregrina3
956 1805 1065 1863 alludit
1096 1803 1136 1862 ad
1165 1803 1229 1862 Tib.

102 1912 125 1969 t
149 1912 177 1982 3,
200 1912 236 1970 3:
271 1912 343 1987 «Me,
365 1914 450 1982 tenet
480 1914 596 1987 ignotis
626 1932 742 1988 aegrum
772 1912 914 1972 Phaeacia
943 1910 1060 1971 terris.»
1095 1911 1231 1970 Tibullus

103 2019 196 2089 enim,
220 2037 290 2077 cum
311 2037 394 2077 anno
416 2018 463 2077 30.
487 2036 513 2075 a.
538 2018 608 2078 Chr.
633 2039 662 2076 n.
696 2018 874 2077 Messallam
904 2020 939 2076 in
971 2018 1131 2076 Orientem
1161 2036 1229 2092 pro-

101 2124 291 2184 ficiscentem
327 2124 413 2200 sequi
443 2125 543 2194 vellet,
575 2125 681 2184 morbo
712 2127 746 2183 in
778 2125 909 2200 Corcyra
937 2124 1041 2182 insula
1070 2143 1230 2182 remanere

100 2235 225 2291 coactus
247 2235 300 2291 est.
327 2233 405 2290 'lum
427 2233 551 2306 scripsit
572 2231 595 2288 I.
619 2231 657 2304 3.,
680 2231 732 2289 ubi
754 2234 886 2288 mortem
906 2230 941 2287 in
963 2229 1129 2305 peregrina
1149 2232 1232 2288 terra

101 2341 291 2414 deprecatur.
315 2376 331 2380 „
350 2376 354 2380 -
376 2339 525 2398 Phaeacia
546 2339 645 2406 teitus,
668 2337 777 2395 eadem
798 2335 891 2396 verba
912 2338 945 2394 in
966 2335 1028 2393 fine
1059 2335 1233 2393 hexametri

99 2445 214 2519 Paneg.
237 2447 271 2504 in
293 2447 383 2504 Mess.
408 2446 454 2504 78.
488 2481 516 2484 --
540 2445 698 2515 Plioeeoie,
721 2444 863 2519 Corcyra,
879 2445 913 2501 in
930 2461 990 2517 qua
1010 2438 1147 2524 §pepios
1168 2444 1230 2501 Ho-

100 2553 258 2622 mericam,
280 2551 445 2610 Phaeacum
467 2550 580 2618 sedem,
605 2567 771 2623 agnoscere
797 2548 856 2607 sibi
886 2549 1070 2607 videbantur
1100 2549 1230 2624 antiqui.

155 2634 190 2714 v.
214 2656 253 2715 te
276 2655 342 2714 -sa
365 2655 450 2716 rna
472 2665 551 2716 cen
584 2660 649 2725 aa,
681 2676 741 2715 vss.
773 2657 901 2716 ee-si.
933 2659 1024 2732 poen
1056 2656 1164 2715 arnon
1194 2657 1233 2715 ae

98 2763 166 2821 Tib.
189 2762 214 2821 Ι.
238 2763 265 2833 3,
288 2764 386 2822 5-8;
414 2782 493 2822 «non
515 2764 566 2822 hic
589 2763 669 2821 mihi
689 2766 799 2833 mater,
833 2763 905 2835 Quae
933 2764 1015 2838 legat
1047 2765 1081 2821 in
1110 2766 1233 2823 maestos

99 2889 171 2928 ossa
192 2872 319 2945 perusta
341 2873 435 2940 sinus,
458 2870 529 2928 Non
551 2890 646 2940 soror,
669 2871 812 2946 Assyrios
835 2869 933 2929 cineri
956 2888 1022 2944 quae
1037 2870 1147 2928 reddat
1161 2871 1232 2929 odo·

97 2997 149 3036 res
171 2978 211 3037 Et
231 2977 303 3036 fleat
325 2977 430 3036 effusis
452 2981 524 3037 ante
552 2981 691 3053 sepulcra
714 2980 840 3037 comis».
863 3014 902 3018 --
934 2977 1027 3047 Hinc,
1060 2995 1099 3034 sc.
1133 2974 1170 3033 ob
1202 2975 1233 3034 id

98 3086 212 3160 ipsum,
236 3086 317 3160 quod
345 3105 410 3145 non
439 3087 473 3144 in
503 3085 668 3161 peregrina
699 3089 791 3156 terra,
821 3085 875 3143 sed
903 3087 937 3142 in
964 3084 1067 3158 patria
1094 3086 1233 3142 mortuus

99 3193 155 3248 est.
176 3226 216 3231 -—
238 3192 392 3263 madidos,
414 3190 623 3249 lacrimantes.
706 3191 871 3267 sapientis,
895 3209 913 3249 a
934 3192 1012 3249 vivis
1035 3190 1231 3253 discedentis,

100 3298 272 3356 morientis.
295 3300 465 3374 --pressit
497 3298 614 3369 oceltos,
646 3298 764 3366 clausit,
797 3297 945 3356 condidit.
980 3298 1023 3358 Cf.
1058 3299 1147 3373 Prop.
1178 3299 1231 3357 IV.

104 3405 149 3474 11,
173 3405 230 3464 ot:
257 3404 408 3464 «Condita
431 3408 503 3463 sunt
524 3407 626 3463 vestro
648 3405 769 3462 lumina
790 3407 898 3463 nostra
920 3404 1015 3463 sinu.»
1094 3408 1130 3463 iri
1151 3407 1253 3464 cine·⁴

100 3528 149 3568 res
170 3511 286 3569 ultime
307 3514 392 3570 dono
423 3512 505 3581 tulit,
538 3513 657 3570 cineres
689 3512 723 3569 in
754 3531 827 3584 rogo
860 3512 980 3570 collecti
1010 3510 1235 3586 spargebantur

100 3617 175 3675 vino
197 3620 228 3675 et
248 3621 335 3682 lacte,
362 3617 474 3676 deinde
505 3619 540 3675 in
571 3638 649 3677 urna
680 3618 799 3676 conditi
830 3617 1040 3676 miscebantur
1070 3617 1233 3687 odoribus;

99 3723 139 3783 cf.
160 3722 256 3799 Lygd.
280 3724 307 3792 t,
334 3725 459 3784 15-26.
481 3760 515 3765 --
542 3727 579 3783 in
596 3732 745 3801 partem.
764 3771 770 3784 .
787 3771 793 3783 .
811 3725 925 3783 doloris
942 3723 1041 3792 Venit,
1063 3725 1097 3781 ut
1118 3724 1233 3782 doloris

98 3829 255 3904 particeps
284 3833 372 3889 esset.
405 3865 438 3871 —-
475 3833 642 3888 inornatas
657 3877 663 3888 .
681 3877 687 3889 .
705 3877 711 3889 .
729 3849 841 3901 comos,
874 3831 1073 3904 neglegenter
1103 3829 1233 3900 effusas3

98 3938 193 4011 poeta
214 3938 286 3993 ante
309 3935 412 3994 oculos
432 3935 543 3995 habuit
563 3937 658 4011 Lygd.
683 3938 709 4005 t,
738 3936 781 3995 11-
818 3937 871 3996 12:
899 3935 995 3994 «Ante
1011 3956 1114 3995 meum
1128 3938 1234 3995 veniat

98 4048 208 4117 longos
229 4045 388 4120 incompta
409 4043 560 4120 capillos.
578 4045 756 4104 ..Neaerar
782 4082 785 4086 -
817 4046 1013 4115 dilaniato,
1046 4047 1157 4113 scissa;
1189 4045 1233 4102 lu-

98 4151 207 4223 gentes
230 4151 313 4208 enim
335 4151 462 4224 capillos
484 4151 625 4210 scindere
648 4152 796 4220 solebant,
814 4151 895 4209 unde
917 4151 982 4210 Tib.
994 4152 1020 4209 Ι.
1047 4152 1070 4219 1,
1095 4152 1150 4209 67-
1158 4186 1165 4189 μ’
1175 4152 1232 4210 68;
