2896 4754
670 362 804 406 AMORUM
823 360 858 404 11.
881 359 905 405 7.

751 594 823 657 VII.

314 772 401 854 Ergo
426 771 590 835 sufficiam
615 791 691 834 reus
714 772 752 833 in
776 791 863 834 nova
887 772 1029 835 crimina
1052 774 1207 853 semper?

360 889 404 952 Ut
426 889 567 962 vincam,
593 888 717 951 totiens
743 886 934 949 dimicuisse
957 887 1058 969 piget.

316 1005 390 1067 Sive
415 1025 476 1085 ego
499 1003 678 1068 marmorei
703 1003 832 1084 respexi
856 1023 987 1065 summa
1009 1003 1143 1079 theatri,

359 1119 465 1200 Eligis
491 1140 507 1182 e
532 1119 658 1193 multis,
683 1118 772 1181 unde
798 1117 908 1181 dolere
932 1119 1034 1194 velis;

282 1265 297 1300 ⁵
317 1234 466 1298 Candida
491 1256 549 1298 seu
572 1236 674 1298 tacito
699 1234 782 1298 vidit
806 1256 858 1298 me
883 1236 1009 1298 femina
1031 1232 1149 1310 vultu,

359 1350 399 1412 In
422 1350 519 1413 vultu
542 1351 661 1414 tacitas
688 1351 799 1431 arguis
824 1372 895 1413 esse
920 1354 1028 1413 notas.

316 1466 453 1547 Siquam
475 1465 618 1541 laudavi,
645 1466 768 1528 misero
792 1467 879 1546 petis
904 1485 1015 1545 ungue
1039 1464 1179 1546 capillos
1193 1484 1212 1539 ;’

360 1580 395 1645 Si
419 1583 527 1664 culpo,
553 1583 679 1644 crimen
704 1582 914 1645 dissimulare
938 1586 1045 1663 putas.

316 1696 390 1784 Sive
414 1689 522 1761 bonus
548 1699 639 1761 color
663 1702 722 1772 est,
749 1700 840 1760 inte
867 1718 996 1780 quoque
1021 1696 1160 1777 frigidus
1185 1715 1268 1770 esse,

268 1842 297 1878 πο
360 1812 425 1877 Seu
448 1815 567 1891 malus,
594 1814 730 1876 alterius
756 1814 848 1876 dicor
872 1834 984 1876 amore
1008 1814 1104 1876 mori.
1145 1841 1151 1860 ·

315 1930 421 2010 Atque
447 1951 508 2010 ego
531 1931 659 2011 peccati
683 1929 807 1997 vellem
829 1930 913 1991 mihi
938 1928 1091 1991 ¹conscius
1116 1947 1224 1990 essem
1236 1952 1249 1990 :-

361 2045 474 2124 Aequo
500 2045 612 2106 animo
636 2065 782 2126 poenam,
808 2045 865 2125 qui
890 2065 1048 2119 meruere,
1076 2029 1204 2118 lerunt;

315 2159 411 2222 Nunc
434 2163 557 2222 temere
583 2160 759 2223 insimulas
784 2158 1012 2241 credendoque
1037 2158 1299 2222 omniafrustra

359 2273 437 2355 Ipsa
460 2279 552 2337 vetas
575 2276 661 2337 iram
684 2274 817 2356 pondus
841 2274 962 2337 habere
985 2274 1109 2348 ’ruuam3v

268 2416 298 2451 π,
315 2387 465 2470 Adspice,
484 2378 530 2451 vut
554 2390 682 2452 auritus
706 2387 904 2452 miserandae
929 2390 1028 2451 sortis
1053 2389 1176 2451 asellus

358 2503 507 2567 Adsiduo
533 2504 678 2567 domitus
702 2505 835 2567 verbere
859 2505 970 2569 lentus
995 2508 1057 2568 eat.

315 2618 397 2681 Ecce
421 2640 546 2682 novum
570 2621 715 2685 crimen:
740 2621 858 2703 sollers
884 2642 1001 2684 ornare
1026 2619 1182 2701 Cypassis

360 2734 509 2799 Obicitur
533 2735 675 2799 dominae
701 2741 944 2799 contemerasse
969 2740 1089 2798 torum.

315 2849 358 2910 Di
381 2851 511 2921 melius,
530 2871 716 2933 quemme,
743 2853 772 2914 si
796 2853 839 2915 sit
863 2871 1017 2933 peccasse
1040 2851 1153 2924 libido,

265 2993 296 3029 ao
359 2963 499 3028 Sordida
523 2971 720 3048 contempta
746 2969 845 3030 sortis
870 2969 977 3031 amica
1000 2968 1109 3030 iuvet!

315 3080 395 3158 Quis
420 3081 558 3145 Veneris
583 3085 715 3145 famulae
740 3084 883 3146 conubia
906 3085 991 3147 liber
1013 3084 1098 3146 inire
1149 3078 1151 3081 ’

357 3195 524 3279 Tergaque
550 3199 715 3279 conplecti
740 3200 873 3262 verbere
898 3203 989 3262 secta
1011 3200 1116 3262 velit?

312 3311 413 3386 Adde,
440 3313 527 3394 quod
553 3315 711 3377 ornandis
734 3315 827 3378 illast
852 3320 987 3397 operata
1010 3314 1140 3396 capillis

356 3426 398 3488 Et
420 3428 482 3490 tibi
505 3450 565 3510 per
589 3429 701 3492 doctas
726 3435 820 3510 grata
843 3432 998 3493 ministra
1020 3450 1160 3493 manus:

263 3571 293 3606 aa
313 3542 446 3606 Scilicet
470 3545 638 3620 ancillam,
666 3567 737 3627 quae
761 3551 830 3609 tam
854 3548 917 3610 tibi
939 3546 1015 3623 fida,
1039 3551 1217 3627 rogarem?

357 3655 452 3734 Quid,
478 3659 545 3720 nisi
568 3664 607 3722 ut
630 3659 755 3723 indicio
780 3663 894 3724 iuncta
917 3662 1052 3743 repulsa
1075 3662 1186 3723 foret?

309 3772 372 3833 Per
395 3770 558 3836 Venerem
582 3776 655 3838 iuro
679 3779 838 3859 puerique
862 3779 1009 3840 volatilis
1035 3789 1129 3841 arcus

354 3886 501 3950 Menon
526 3889 663 3953 admissi
687 3893 837 3956 miminis
861 3915 932 3956 esse
957 3914 1059 3957 reum.
1103 3886 1105 3893 ⁴
