2896 4754
542 348 583 391 u>
599 348 635 392 11.
653 347 678 404 o,
699 346 767 393 1-c.
1169 327 1222 381 173

67 495 91 565 δ’
130 517 198 582 ὅτε
219 521 264 591 τίς
284 518 308 583 τ’
331 521 485 602 ἐλέφαντα
507 520 583 604 γονὴ
598 522 712 603 φοίνικι
733 520 824 604 μιήνῃ
848 520 963 604 Μῃονὶς
985 527 1015 582 et
1030 525 1119 598 Verg.
1142 523 1218 582 Aen.

68 609 162 690 ΧΠ
187 631 334 692 (tt-ca:
358 632 404 708 (in
426 631 534 690 eadem
565 630 799 707 similitudine):
828 608 958 689 «Indum
980 632 1150 705 sanguineo
1171 651 1221 692 ve-

72 719 147 795 hlffi
169 738 331 797 violaverit
352 741 436 797 ostro
458 737 491 798 Si
523 738 590 815 quis
619 739 720 798 ebur».
744 774 783 780 —
807 741 945 804 Maeonis,
968 738 1085 798 femina
1105 740 1222 816 Lydia;

79 827 227 906 Maeonia
255 849 302 904 est
333 847 417 904 enim
447 865 564 905 nomen
595 845 750 921 poeticum
781 845 895 922 Lydiae.
919 881 958 888 -
989 848 1173 921 Assyriam.
1191 892 1220 906 ..

89 939 179 1023 ebur,
199 955 300 1013 recte:
330 953 482 1023 Indicum,
514 952 567 1012 sed
599 952 726 1030 Assyria
755 972 834 1028 saepe
864 955 993 1028 ponitur
1014 954 1096 1028 apud
1116 955 1224 1029 poetas

96 1068 149 1128 pro
170 1059 262 1120 terris
284 1060 493 1130 orientalibus.
509 1059 628 1120 Eodem
650 1079 742 1118 sensu
765 1060 847 1135 apud
867 1059 932 1118 Tib.
956 1060 979 1117 Ι.
1004 1060 1030 1125 3,
1055 1060 1089 1119 7:
1116 1059 1222 1136 «Assy-

100 1165 202 1227 rios..
220 1215 226 1227 .
250 1167 388 1226 odores».

147 1275 183 1332 V.
206 1274 334 1333 45-46.
360 1277 445 1344 caiti,
468 1277 579 1346 ornati,
603 1274 752 1350 dispositi.
838 1275 962 1333 iuniore
984 1276 1122 1350 capillos
1145 1277 1223 1334 scin-

97 1383 176 1451 dere,
207 1384 242 1440 ut
272 1401 365 1456 supra
386 1382 410 1440 I.
434 1383 460 1449 7,
486 1382 530 1440 11.
554 1417 584 1422 —-
614 1382 760 1456 nuperus,
784 1380 972 1439 desiderium
994 1381 1108 1439 iratum
1130 1380 1222 1454 signi-

94 1487 175 1547 ficat.
883 1491 885 1497 ’

147 1595 184 1654 V.
208 1595 255 1653 50.
280 1597 444 1665 deteriora,
466 1613 505 1652 sc.
531 1612 623 1668 quam
645 1594 778 1652 amatori
801 1595 898 1653 alteri.

148 1703 184 1762 V.
209 1703 255 1761 52.
289 1703 352 1760 tela
383 1704 522 1773 troclea,
543 1702 694 1771 fulmina,
729 1704 852 1776 quain
876 1702 1004 1776 picturis
1026 1702 1225 1776 antiquorum

91 1812 229 1869 formam
250 1808 393 1868 tridentis
415 1809 549 1880 habent3
572 1810 607 1868 cf.
632 1810 685 1869 Ov.
709 1809 781 1868 Met.
805 1810 846 1867 Π.
879 1809 1046 1867 aas—326.
1070 1808 1107 1866 de
1127 1807 1225 1866 Phae-

92 1917 208 1976 thonte
228 1914 359 1975 fulmine
379 1915 461 1974 icto:
489 1914 607 1973 «trifida
627 1916 782 1974 fumantia
802 1913 930 1973 flamma
952 1915 1116 1990 Corpora».

151 2025 187 2085 V.
210 2026 257 2084 54.
281 2046 320 2085 ex
341 2028 469 2085 hcc...
492 2032 578 2096 actu,
611 2045 648 2085 ex
678 2026 737 2082 hoc
766 2043 893 2100 genere;
927 2032 1002 2083 acic
1035 2025 1082 2082 est
1102 2025 1227 2099 proprie

92 2132 259 2209 inscriptio
300 2133 465 2208 amphoras,
499 2152 565 2208 quae
602 2135 725 2191 aetatem
758 2137 789 2192 et
818 2152 916 2207 genus
947 2131 1013 2190 vini
1045 2132 1165 2204 signat;
1188 2129 1225 2188 cf.

92 2241 172 2298 Hor.
196 2239 296 2298 Oarm.
320 2239 360 2298 Π.
385 2240 411 2308 3,
435 2241 472 2298 8:
501 2238 668 2296 «interiore
691 2242 767 2297 nota
787 2239 940 2297 Falerni».

154 2345 188 2402 V.
211 2344 248 2402 57
269 2347 338 2405 -58,
362 2349 446 2422 qood
468 2352 533 2404 totu
554 2347 674 2406 lcbctiis
689 2348 818 2422 Liapca
833 2353 888 2404 tac
911 2354 955 2405 est
975 2347 1098 2416 nostris,
1120 2351 1228 2403 nostro

93 2460 221 2528 recepto
244 2454 319 2521 tuis
342 2453 377 2511 cf.
402 2453 470 2511 adn.
494 2473 587 2529 supra
608 2453 702 2512 advo.
722 2454 778 2522 ich
799 2453 872 2510 «Illa
888 2452 994 2526 lingua
1007 2470 1088 2510 nexa
1102 2451 1226 2510 fuisse».

637 2765 688 2824 VI.

506 2908 582 2969 Lib.
605 2907 656 2968 II.
678 2908 762 2985 adep.
787 2908 819 2967 6.

155 3093 194 3151 In
214 3096 348 3152 mortem
368 3094 501 3169 passeris
532 3093 651 3152 Lesbiae
683 3094 832 3167 scriptum
864 3095 911 3150 est
941 3112 1032 3151 carm.
1056 3093 1083 3155 3.
1108 3090 1228 3161 Catulli,

101 3198 188 3258 cuius
210 3199 385 3274 exemplum
416 3202 536 3258 secutus
559 3198 686 3257 Ovidius
708 3202 841 3257 mortem
864 3199 987 3273 psittaci
1009 3198 1154 3258 Corinna
1177 3199 1228 3258 de-

101 3305 164 3376 flet,
187 3306 240 3365 sed
260 3325 316 3383 pro
338 3307 424 3365 brevi
438 3307 638 3392 'simplicique
669 3306 781 3366 Catulli
803 3306 940 3364 carmine
962 3306 1036 3365 fecit
1057 3306 1230 3382 epicedium

101 3413 168 3488 lege
191 3413 266 3472 artis
287 3414 448 3472 rhetoricae
470 3413 686 3489 compositum.
708 3412 755 3470 Ad
787 3412 962 3487 exemplum
985 3412 1087 3472 Ovidii
1108 3413 1231 3487 scripsit

102 3518 276 3594 epicedium
296 3520 330 3578 in
351 3520 517 3596 psittacum
538 3519 643 3578 Atedii
663 3519 800 3578 Melioris
824 3517 939 3577 Statius
962 3516 1033 3576 Silv.
1057 3520 1097 3577 H.
1121 3521 1147 3577 d.

587 3664 746 3671 ----..

157 3843 193 3902 V.
219 3843 307 3901 1—6.
320 3843 402 3911 Eois,
425 3840 633 3899 orientalibus.
656 3875 676 3880 -
717 3841 884 3910 incitatrix,
901 3859 940 3897 sc.
964 3839 1108 3897 humanae
1129 3839 1231 3909 vocis;

104 3947 151 4006 cf..
175 3947 250 4008 Stat.
284 3948 355 4008 Silv.
387 3948 428 4006 Π.
461 3950 489 4015 ai,
521 3950 557 4007 νε
594 3948 761 4005 «Humanas
793 3946 900 4004 sollers
922 3945 1070 4014 imitator,
1091 3945 1231 4020 psittaco,

104 4053 245 4128 lingua».
271 4089 312 4096 -—
332 4058 496 4131 exsequias
526 4057 577 4126 ite,
609 4053 803 4112 comitamini
832 4071 980 4127 pompam
1000 4051 1169 4111 funebrem.
1192 4088 1232 4094 --

104 4162 292 4237 frequenter,
315 4180 427 4236 magno
450 4181 589 4220 numero
656 4161 801 4236 piraeapite
819 4167 946 4234 pectora
967 4163 1088 4234 pionis.
1111 4159 1175 4228 alis,
1198 4162 1233 4217 ut
