2896 4754
200 289 251 342 114
633 309 675 352 sn
692 308 712 350 1.
731 305 757 362 a,
775 305 881 352 ss-so.

194 487 307 561 premi,
331 504 368 543 ex
388 485 479 560 Prop.
501 485 541 545 H.
566 485 611 554 15,
635 485 771 543 sl-m:
799 483 953 543 «Necdum
973 485 1132 543 inclinata
1153 483 1328 560 prohibent

196 594 227 650 te
247 592 354 651 ludere
375 610 536 650 mammae:
567 591 688 650 Viderit
719 593 793 660 haec,
824 592 851 648 si
879 609 970 665 quam
999 591 1063 649 iam
1088 588 1246 666 peperisse
1267 608 1325 665 pu-

199 699 278 758 det».
301 733 342 739 —-
363 701 513 775 castigato
530 746 535 758 .
553 746 559 757 .
577 744 583 757 .
600 707 721 774 pectore
741 700 900 773 tamquam
915 697 1090 768 emendata
1107 698 1174 756 sine
1189 697 1326 784 menda;

198 805 235 867 of.
259 806 312 866 Ov.
333 805 369 864 A.
391 806 425 865 A.
447 806 501 866 m.
526 807 598 865 781:
626 805 698 865 «Oui
720 805 820 863 femur
841 807 888 863 est
907 806 1060 873 iuvenale,
1073 808 1180 864 carent
1201 823 1326 880 quoque

199 915 323 988 pectora
344 911 485 972 menda».
579 913 699 989 planas
715 957 722 971 .
738 958 744 971 .
762 957 768 970 .
784 921 898 984 venter,
930 913 996 970 sine
1027 913 1121 985 rugis,
1153 911 1257 987 quales
1289 912 1328 968 in

199 1021 306 1078 ventre
337 1019 453 1077 habent
482 1037 660 1094 puerperae;
691 1019 750 1077 hoc
780 1021 894 1077 timens
925 1019 1064 1079 Corinna
1093 1016 1190 1076 fetum
1212 1017 1327 1090 abegit,

200 1125 281 1184 unde
303 1125 477 1198 indignatio
499 1127 598 1199 poetae
619 1125 702 1183 infra
722 1125 763 1182 II.
799 1126 843 1194 14,
877 1126 973 1185 7—8:
1001 1122 1142 1183 «Scilicet
1163 1127 1199 1182 ut
1220 1126 1329 1182 careat

200 1251 346 1306 rugarum
367 1233 498 1290 crimine
519 1235 636 1302 venter,
661 1232 823 1291 Sternetur
843 1252 953 1308 pugnae
976 1233 1074 1290 tristis
1096 1231 1214 1289 harena
1241 1233 1322 1288 tuae»

200 1342 232 1397 et
260 1340 414 1398 monitum
445 1339 581 1398 eiusdem
611 1341 645 1398 A.
678 1339 713 1398 A.
742 1341 801 1399 III.
842 1341 1010 1400 iss—786.
1043 1340 1093 1416 (de
1126 1335 1326 1410 concubitu):

205 1446 265 1506 «Tu
287 1464 415 1522 quoque,
439 1447 488 1503 cui
509 1447 593 1519 rugis
615 1447 737 1505 uterum
759 1445 879 1504 Lucina
899 1447 1028 1515 notavit,
1051 1445 1093 1504 Ut
1114 1445 1194 1503 celer
1208 1443 1328 1502 aversis

200 1555 285 1611 utere
316 1553 448 1611 Parthus
479 1553 594 1628 equis».
626 1588 666 1593 —
699 1554 864 1625 Quantam
896 1562 925 1611 et
958 1555 1051 1629 quote
1084 1554 1175 1624 latus,
1195 1553 1328 1624 longum

200 1661 280 1718 latus
301 1661 455 1734 intellege,
480 1661 561 1735 quod
576 1661 740 1736 pulchrum
754 1661 916 1720 videbatur
931 1662 1067 1737 antiquis
1080 1683 1085 1732 ;
1102 1660 1137 1719 cf.
1154 1659 1225 1718 adn.
1240 1657 1328 1716 infra

200 1766 284 1825 adi
310 1767 354 1837 14,
377 1769 414 1824 4:
442 1788 518 1844 «qua
549 1771 635 1845 patet
665 1788 760 1844 usque
790 1770 885 1827 latus»
921 1772 950 1827 et
973 1767 1027 1827 Ov.
1049 1768 1084 1826 A.
1107 1767 1140 1825 A.
1164 1765 1221 1824 ΠΙ.
1246 1765 1326 1825 78οτ

204 1873 351 1931 «Femina
371 1872 575 1953 perlongum
598 1875 819 1949 conspicienda
839 1876 948 1934 latus».

252 1980 288 2040 V.
312 1980 441 2039 ae-ac.
467 1981 575 2040 Cetera
597 1984 667 2057 quis
688 1984 793 2051 nescit,
818 1983 889 2040 talis
921 1973 1142 2059 ἀποσιώπησις
1174 1980 1269 2039 etiam
1291 1979 1327 2036 in

201 2087 377 2146 Graecorum
399 2089 485 2163 poesi
507 2090 622 2146 erotica
642 2088 805 2164 frequens;
829 2089 865 2148 of.
887 2089 1060 2148 Philodem.
1083 2087 1178 2145 Anth.
1199 2086 1266 2144 Pal.
1288 2085 1324 2143 V.

199 2192 227 2262 d,
250 2193 286 2252 6:
304 2185 389 2271 Ἤδη
410 2195 463 2271 τῆς
485 2190 607 2274 Παφίης
629 2191 697 2254 ἴσθι
720 2193 757 2255 τὰ
778 2193 964 2275 deincipem
985 2195 1113 2254 Lucian.
1133 2194 1224 2253 Deor.
1244 2190 1323 2250 dial.

201 2300 245 2368 11,
270 2301 304 2360 l:
329 2293 438 2373 οἶσθα,
461 2299 489 2360 τί
511 2294 566 2361 οὖν
587 2298 626 2362 ἄν
648 2323 701 2361 σοι
722 2301 844 2382 λέγοιμι
865 2300 904 2362 τὰ
926 2299 1005 2382 μετὰ
1035 2300 1150 2368 ratza-
1169 2300 1324 2358 Aristaen:

146 2450 150 2465 .
172 2453 174 2459 .
199 2405 297 2482 Epist.
309 2407 333 2464 Ι.
349 2408 361 2465 1
388 2452 394 2465 .
412 2406 479 2482 (sub
493 2407 601 2485 finem)
614 2432 620 2468 :
643 2405 681 2468 τὰ
693 2403 809 2478 d'dllu,
826 2402 916 2473 οἶδας
930 2405 993 2487 γὰρ
1007 2405 1104 2468 ὁποῖα
1118 2403 1155 2466 τὰ
1170 2403 1273 2466 λοιπά.
1284 2441 1297 2446 -
1311 2441 1325 2445 -

201 2513 400 2586 Proveniant,
424 2515 597 2584 succedant,
619 2516 698 2574 benc
720 2517 840 2574 cedant.

732 2827 785 2886 VI.

612 2970 688 3032 Lib.
712 2971 740 3030 I.
763 2972 846 3047 clep.
872 2969 905 3030 6.

253 3154 384 3226 Querela
406 3157 554 3214 amatoris
575 3157 647 3214 ante
669 3157 797 3214 ianuam
819 3159 955 3213 clausam
978 3156 1092 3225 amicae,
1123 3157 1142 3213 i.
1173 3173 1197 3215 e.
1220 3174 1326 3229 παρα-

203 3257 421 3341 κλαυσίθυρον
442 3263 532 3339 (Plut.
553 3263 637 3321 Erot.
662 3261 711 3339 8.)‚
734 3265 769 3321 ut
791 3263 891 3322 Graeci
912 3262 971 3320 hoc
992 3280 1088 3335 genus
1104 3262 1252 3320 carminis
1273 3281 1326 3320 vo·

204 3370 283 3438 cant,
308 3370 394 3427 cuius
416 3372 557 3444 exempla
579 3373 651 3428 sunt
673 3370 755 3445 apud
777 3369 936 3429 Romanos
957 3371 1070 3443 prater
1090 3371 1172 3428 hanc
1194 3369 1327 3442 elegiam

202 3477 278 3535 Hor.
301 3475 402 3534 Oarm.
425 3476 482 3534 ΠΙ.
510 3477 554 3533 10.
578 3478 609 3533 et
629 3476 720 3551 Prop.
744 3477 767 3533 Ι.
794 3476 838 3545 16,
865 3477 991 3534 17-44.
1024 3475 1150 3534 Ovidius
1178 3476 1327 3550 inprimis

201 3582 397 3657 Propertium
429 3582 573 3657 sequitur,
605 3583 667 3639 nisi
700 3582 782 3656 quod
814 3580 895 3656 apud
925 3582 1120 3656 Propertium
1144 3584 1264 3641 amator
1286 3583 1325 3641 ad

200 3689 334 3756 ianuam,
359 3687 488 3747 Ovidius
511 3692 612 3748 autem
637 3690 675 3747 ad
697 3690 863 3748 ianitorem
884 3708 989 3764 preces
1012 3689 1125 3762 dirigit.

253 3796 328 3854 Pars
360 3796 507 3854 carminis
541 3795 610 3872 (vsa
648 3796 786 3869 17-56.)
818 3795 1013 3855 distribuitur
1033 3795 1066 3853 in
1089 3797 1224 3872 quinque
1246 3798 1327 3854 stro·

200 3903 277 3978 phas
299 3906 426 3962 octonos
447 3922 553 3961 versus
576 3904 780 3972 continentes
803 3902 855 3960 ubi
877 3904 1005 3976 singula
1020 3903 1155 3977 strophae
1177 3901 1325 3960 claudun-

200 4013 251 4069 tur
271 4029 361 4068 versu
382 4011 560 4069 intercalari
583 4010 768 4087 (lTempora
791 4011 891 4070 noctis
924 4012 1008 4080 eunt,
1040 4013 1147 4069 excute
1169 4013 1255 4084 poste
1278 4029 1323 4068 se·

200 4118 309 4193 rami),
334 4137 393 4194 quo
416 4117 455 4176 ad
478 4120 653 4194 exemplum
684 4118 830 4177 bucolica
862 4116 997 4194 poeseos
1021 4118 1070 4195 (cf.
1093 4117 1220 4177 Theocr.
1244 4118 1270 4176 2.
1293 4120 1324 4175 et
