2896 4754
561 326 603 371 aa
619 329 654 371 11.
678 326 720 385 ra,
740 326 827 372 1—1c.

636 608 753 670 XVHI.

525 742 600 803 Lib.
624 743 674 804 II.
696 742 781 820 step.
803 742 864 804 18.

192 927 240 986 Ad
261 928 410 997 Macrum,
442 930 563 1004 epicum
594 929 785 1003 scriptorem,
817 927 866 986 cui
897 927 1023 987 Ovidius
1054 929 1185 1003 opponit
1216 947 1256 996 se,

121 1039 256 1110 poetam
278 1038 434 1096 erotioum.
471 1037 552 1095 Ante
575 1036 679 1095 oculos
700 1036 809 1095 habuit
830 1037 983 1113 Propertii
1005 1037 1135 1110 elegiam
1156 1035 1194 1109 (Ι.
1217 1035 1258 1110 7.)

120 1141 167 1200 ad
189 1142 353 1202 Ponticum
375 1144 497 1218 epicum
518 1144 673 1218 scriptam.

184 1248 288 1307 Macer
309 1251 375 1307 erat
396 1248 656 1308 familiarissimus
680 1249 793 1319 Ovidii,
816 1248 857 1307 ad
879 1268 971 1324 quem
993 1250 1087 1307 etiarn
1109 1248 1199 1306 Pont.
1216 1249 1257 1306 ΙΙ.

126 1358 177 1414 10.
201 1356 332 1432 scripsit.
364 1356 436 1416 Una
457 1375 527 1415 curn
558 1376 594 1415 eo
616 1359 791 1433 peragravit
812 1358 916 1415 Asiam
942 1358 972 1415 et
993 1355 1140 1424 Siciliam,
1165 1359 1200 1413 ut
1222 1374 1258 1413 ex

121 1458 240 1522 eodem
261 1464 397 1522 carmine
421 1463 491 1539 (vas.
515 1465 560 1522 al.
584 1464 662 1540 sqq.)
685 1465 790 1523 elucet.

174 1782 258 1840 ‘V.·1
284 1784 332 1841 -4,
357 1784 549 1843 Carrrreacd
563 1776 630 1851 etc,
645 1801 705 1843 vss.
724 1783 758 1840 1---
781 1782 808 1840 t.
824 1785 917 1858 poeta
932 1785 1003 1840 ante
1026 1782 1129 1841 oculos
1151 1781 1260 1841 habuit
1355 1844 1358 1849 ,

123 1890 222 1964 Prop.
236 1889 267 1946 4Ι.
293 1890 319 1958 7,
344 1889 439 1948 1--5ι
466 1889 565 1947 «Dum
586 1888 644 1947 tibi
666 1888 807 1947 Cadmeae
823 1888 977 1960 dicuntur,
993 1890 1131 1961 Pontice,
1146 1889 1259 1949 Thebae

126 1996 285 2072 Armaque
312 1997 457 2056 fraternae
488 1996 589 2056 tristia
616 1997 745 2066 militiae,
769 1997 878 2070 Atque,
905 1998 952 2055 ita
972 1997 1032 2055 sim
1053 1997 1137 2068 felix,
1157 1999 1259 2073 primo
1361 1994 1369 2011 ⁶

126 2098 294 2160 contendis
325 2103 472 2173 Homero,
505 2101 576 2162 Sint
606 2103 698 2162 modo
729 2102 792 2160 fata
821 2104 883 2161 tuis
913 2103 1020 2162 mollia
1051 2104 1259 2163 carminibus:

128 2211 203 2280 Noa,
226 2213 268 2269 -ut
299 2230 492 2280 consuamus,
524 2214 648 2268 nostros
680 2211 832 2284 agitamus
863 2229 985 2268 amores
1009 2211 1109 2287 Atque
1140 2210 1257 2285 aliquid

129 2315 241 2374 duram
277 2317 441 2394 quaerimus
471 2317 505 2375 in
528 2316 713 2376 dominam.»
739 2352 779 2358 -ψ-
803 2317 938 2376 Cariaca
970 2321 1019 2377 aa
1037 2319 1159 2376 iratam
1179 2321 1258 2377 darm

132 2432 166 2481 ta
186 2425 333 2498 perducis
354 2424 506 2499 Achillea,
530 2424 653 2500 scripsit
674 2425 768 2499 igitur
789 2425 893 2482 Macer
915 2422 1165 2494 Antehomerica,
1188 2424 1207 2481 i.
1230 2442 1246 2481 e

128 2524 294 2587 historiam
324 2529 396 2588 belli
427 2530 554 2589 Troiani
581 2549 677 2605 usque
710 2530 750 2589 ad
780 2532 861 2588 iram
888 2529 1028 2599 Achillis,
1057 2528 1112 2587 ubi
1146 2529 1258 2606 incipit

128 2636 214 2697 Ilias.
236 2635 326 2697 Unde
349 2637 430 2712 apud
454 2638 506 2697 Ov.
530 2639 620 2698 Pont.
643 2638 694 2697 IV.
722 2639 767 2708 16,
790 2640 826 2697 6:
854 2638 1042 2712 «iliacusque
1062 2637 1192 2696 Macer.»
1218 2673 1257 2677 --

128 2745 302 2804 turritis...
324 2745 408 2819 viris,
432 2746 485 2819 qui
505 2746 661 2804 Helenam
684 2749 718 2804 se'
737 2748 970 2821 recuperaturos
992 2745 1179 2804 iuraverunt.
1213 2744 1256 2804 of.

128 2849 185 2907 Ov.
202 2849 243 2908 A.
264 2851 300 2908 A.
323 2850 347 2909 Ι.
370 2851 428 2910 687
466 2853 548 2911 -688;
569 2851 734 2911 «Iurabant
755 2871 864 2910 omnes
884 2854 919 2910 in
940 2853 1007 2910 rasi
1027 2851 1120 2910 verba
1133 2852 1260 2910 mariti:

127 2955 209 3014 Nam
232 2955 322 3014 dolor
341 2959 434 3016 unius
455 2958 579 3033 publica
600 2978 693 3019 causa
713 2959 796 3018 fuit.»
851 2961 988 3035 -iyaaca
1015 2958 1140 3018 Veneris
1162 2977 1257 3017 cessa·

127 3082 201 3122 rrius
222 3065 257 3122 tn
288 3065 412 3136 ambra,
443 3064 463 3122 i.
486 3084 510 3123 e.
534 3065 633 3125 amori
664 3069 694 3124 et
714 3067 802 3141 poesi
832 3066 990 3124 amatoriae
1013 3084 1070 3123 nos
1099 3063 1258 3134 dedimus,

127 3169 179 3228 cf,
200 3168 269 3228 adn.
303 3189 396 3246 supra
427 3172 465 3229 ad
495 3173 520 3230 Ι.
551 3174 578 3243 9,
610 3173 668 3233 ti:
696 3175 808 3232 «lectus
839 3176 869 3231 et
898 3171 1033 3232 umbra.»
1058 3207 1073 3212 -
1126 3191 1258 3230 uersuros

128 3278 277 3352 qrrrrrdia,
310 3280 329 3336 i.
363 3297 387 3336 e.
422 3279 508 3354 epioe
540 3283 680 3339 carmina
705 3262 765 3340 'aut
795 3279 996 3354 tragaediam
1033 3278 1068 3336 cf.
1102 3277 1184 3335 infra
1213 3297 1256 3336 ve.

131 3383 257 3443 tt--tct

184 3491 219 3550 V.
238 3492 280 3550 11-
295 3493 364 3552 --12
380 3495 562 3568 sumptis
586 3495 625 3553 ab
641 3496 748 3565 ceritis,
766 3513 783 3551 a
798 3494 934 3551 carmine
950 3493 1037 3568 epico
1053 3495 1203 3567 suscepto.
1220 3530 1223 3533 -
1241 3527 1260 3534 -

128 3598 252 3672 Resque
273 3599 360 3657 domi
380 3605 481 3674 pestus
502 3607 531 3657 ct
552 3618 623 3657 racc
644 3600 828 3671 belloramo,
850 3597 951 3672 poeta'
960 3599 1096 3672 respexit
1109 3598 1199 3672 Prop.
1216 3598 1256 3654 ΙΙ.

132 3705 156 3773 1,
189 3704 225 3761 13
270 3704 314 3762 tt.
348 3704 398 3781 (de
430 3705 592 3782 Cynthia):
620 3705 696 3764 «Seu
727 3705 813 3763 nuda
844 3708 949 3780 erepto
972 3723 1094 3762 mecum
1125 3705 1260 3764 luctatur

129 3814 254 3881 amictu,
285 3812 363 3871 Tum
391 3831 462 3871 vero
493 3814 601 3886 longas
627 3812 791 3871 condimus
820 3811 950 3870 Iliadas»
977 3815 1007 3869 et
1028 3811 1086 3872 ΙΠ.
1110 3812 1136 3879 5,
1163 3810 1258 3869 pp:

134 3917 237 3978 «Pacis
268 3919 366 3976 Amor
387 3918 462 3977 deus
485 3923 538 3988 est,
571 3938 679 3996 pacem
710 3937 894 3977 veneramur
923 3922 1081 3977 amantes:
1105 3917 1159 3976 Sat
1180 3919 1259 3976 mihi

128 4043 200 4083 oum
221 4024 349 4084 domina
369 4028 480 4100 proelia
502 4026 579 4085 dura
601 4045 695 4084 mea.»

176 4130 216 4190 ΙΙ.
243 4131 279 4188 13
304 4132 368 4190 --16.
392 4130 577 4208 Sceptra...
601 4131 938 4208 suarpsi,tragoedia1n
969 4130 1164 4189 scribendam
1193 4150 1257 4189 sus-

1101 4245 1151 4298 14*
