2896 4754
527 360 661 404 AMORUM
681 361 716 403 11.
741 359 781 405 ld.

616 588 700 651 xlv.

190 761 277 839 Quid
298 763 392 827 iuvat
414 764 570 826 inmunes
594 765 673 826 belli
698 785 825 828 cessare
848 767 986 847 puellas,

231 878 298 941 Nec
321 881 391 943 fera
413 879 556 961 peltatas
581 881 715 960 agmina
737 880 821 944 velle
847 883 948 963 sequi,

188 993 223 1057 Si
247 995 318 1058 sine
342 995 448 1060 Marte
473 997 542 1059 suis
565 996 739 1078 patiuntur
761 997 900 1060 vulnera
923 999 1008 1071 telis,

231 1111 273 1174 Et
297 1133 398 1176 caecas
423 1118 554 1177 armant
577 1113 614 1177 in
639 1133 699 1176 sua
723 1115 792 1176 fata
814 1119 959 1177 manus?

188 1227 266 1305 Quae
289 1231 398 1311 prima
420 1230 569 1295 instituit
591 1235 725 1294 teneros
749 1231 933 1293 convellere
959 1231 1053 1300 fetus.

230 1344 353 1409 Militia
376 1347 484 1410 suerat
508 1346 608 1427 digna
631 1346 739 1427 perire
764 1366 842 1408 sua:

186 1460 326 1538 Scilicet,
352 1468 389 1527 ut
413 1468 521 1527 careat
544 1483 701 1544 rugarum
725 1462 863 1525 crimine
887 1466 1008 1537 venter,

232 1576 404 1671 Sternetur
426 1598 545 1661 pugnae
569 1579 675 1642 tristis
701 1579 827 1640 harena
850 1580 941 1640 tuae?

185 1691 316 1757 Simos
341 1694 488 1777 antiquis
511 1694 693 1776 placuisset
716 1693 878 1756 matribus
901 1691 999 1766 idem,

230 1807 320 1874 Gens
344 1811 519 1873 hominum
543 1809 624 1872 vitio
649 1807 838 1888 deperitura
861 1808 875 1869 f
901 1807 932 1879 't‚
1188 1841 1216 1877 10

185 1921 313 2005 Quique
337 1924 459 1987 iterum
484 1924 615 1998 iaceret,
642 1923 773 2003 generis
796 1921 979 2003 primordia
991 1924 1107 1998 nostri,

227 2038 269 2102 In
291 2060 396 2103 vacuo
419 2039 548 2122 lapides
574 2039 662 2115 orbe,
686 2036 855 2119 parandus
880 2041 972 2100 erat·

185 2153 266 2231 Quis
289 2155 414 2219 Priami
437 2155 591 2236 fregisset
615 2174 703 2236 epea,
731 2154 760 2216 si
783 2174 909 2216 numen
934 2175 1094 2236 aquarum

208 2271 320 2356 'Iusta
343 2274 528 2334 recusasset
551 2269 699 2352 pondera
722 2271 806 2332 ferre
831 2270 970 2332 Thetis?

182 2386 246 2448 Ilia
270 2387 297 2449 si
320 2386 450 2449 tumido
473 2385 625 2466 geminos
650 2385 686 2447 in
709 2389 824 2448 ventre
848 2392 1008 2462 necasset,
1186 2420 1213 2456 11

228 2499 372 2566 Casurus
397 2503 541 2565 dominae
566 2501 719 2565 conditor
741 2501 841 2566 Urbis
865 2507 954 2576 erat3

185 2617 219 2681 Si
241 2619 354 2682 Venus
377 2621 514 2682 Aenean
539 2618 675 2700 gravida
696 2623 893 2683 temerasset
917 2620 952 2681 in
977 2620 1060 2689 alvo,

228 2731 411 2797 Caesaribus
435 2736 536 2798 tellus
561 2735 641 2797 orba
664 2735 777 2797 futura
801 2735 874 2796 fuit.

183 2849 231 2911 Tu
254 2870 393 2932 quoque,
421 2871 495 2913 cum
519 2871 635 2932 posses
659 2850 753 2912 nasci
777 2851 932 2924 formosa,
958 2851 1111 2933 perisses,

227 2965 442 3048 Temptasset,
469 2966 557 3048 quod
579 2972 625 3043 tu,
652 2967 681 3029 si
703 2972 762 3029 tua
784 2970 891 3030 mater
915 2988 1015 3049 opus;
1185 3001 1213 3037 ρο

182 3081 257 3162 Ipse
282 3101 351 3162 eg0,
379 3103 454 3145 cum
478 3083 598 3145 fuerim
622 3083 743 3145 melius
768 3083 936 3164 periturus
961 3085 1112 3159 amando,

225 3196 392 3260 Vidissem
416 3198 529 3261 nullos
553 3201 658 3260 matre
683 3202 823 3260 necante
848 3196 928 3260 dies.

182 3310 268 3388 Quid
291 3314 427 3394 plenam
451 3313 583 3376 fraudas
607 3314 709 3375 vitem
734 3313 956 3375 crescentibus
980 3315 1062 3387 uvis

225 3427 392 3511 Pomaque
417 3427 543 3491 crudeli
566 3428 663 3490 vallis
688 3428 804 3490 acerba
828 3433 956 3490 manu?

182 3543 305 3626 Sponte
330 3544 437 3608 fluant
460 3549 591 3608 matura
615 3565 683 3620 sua,
711 3545 782 3607 sine
808 3565 951 3607 crescere
975 3550 1073 3607 nata:
1183 3579 1210 3615 aa

224 3661 284 3725 Est
305 3663 450 3743 pretium
473 3683 582 3744 parvae
606 3681 675 3723 non
699 3661 770 3723 leve
794 3661 862 3724 vita
885 3680 996 3722 morae.

180 3776 297 3841 Vestra
321 3777 400 3861 quid
424 3777 567 3840 effoditis
592 3776 747 3839 subiectis
772 3777 898 3839 viscera
921 3777 997 3868 telis

223 3891 266 3953 Et
288 3891 439 3954 nondum
462 3893 551 3954 natis
576 3890 648 3953 dira
671 3910 800 3953 venena
824 3889 936 3952 datis?

180 4006 338 4072 Colchida
361 4029 546 4090 respersam
569 4028 749 4090 puerorum
773 4007 934 4087 sanguine
960 4008 1095 4088 culpant

224 4123 328 4205 Atque
354 4142 414 4185 sua
438 4143 559 4185 caesum
582 4128 687 4186 matre
712 4126 896 4204 queruntur
918 4123 1013 4204 Itym
1182 4156 1209 4191 sc
