<?xml version="1.0" encoding="UTF-8"?>
<!DOCTYPE html PUBLIC "-//W3C//DTD XHTML 1.0 Transitional//EN"
    "http://www.w3.org/TR/xhtml1/DTD/xhtml1-transitional.dtd">
<html xmlns="http://www.w3.org/1999/xhtml" xml:lang="en" lang="en">
 <head>
  <title>
</title>
<meta http-equiv="Content-Type" content="text/html;charset=utf-8" />
  <meta name='ocr-system' content='tesseract 3.04.00' />
  <meta name='ocr-capabilities' content='ocr_page ocr_carea ocr_par ocr_line ocrx_word'/>
</head>
<body>
  <div class='ocr_page' id='page_1' title='image "./povidiinasonisa01ovidgoog_0281.png"; bbox 0 0 2896 4754; ppageno 0'>
   <div class='ocr_carea' id='block_1_1' title="bbox 158 327 854 401">
    <p class='ocr_par' dir='ltr' id='par_1_1' title="bbox 158 327 854 401">
     <span class='ocr_line' id='line_1_1' title="bbox 158 327 854 401; baseline 0 -12"><span class='ocrx_word' id='word_1_1' title='bbox 158 327 211 380; x_wconf 75' lang='lat' dir='ltr'><strong>tvl</strong></span> <span class='ocrx_word' id='word_1_2' title='bbox 262 394 264 399; x_wconf 65' lang='grc'><strong>,</strong></span> <span class='ocrx_word' id='word_1_3' title='bbox 586 348 628 390; x_wconf 74' lang='lat' dir='ltr'><strong>an</strong></span> <span class='ocrx_word' id='word_1_4' title='bbox 643 347 693 390; x_wconf 86' lang='lat'><strong>111.</strong></span> <span class='ocrx_word' id='word_1_5' title='bbox 710 344 854 401; x_wconf 63' lang='lat' dir='ltr'><strong>rut-10.</strong></span> 
     </span>
    </p>
   </div>
   <div class='ocr_carea' id='block_1_2' title="bbox 158 496 1299 2838">
    <p class='ocr_par' dir='ltr' id='par_1_2' title="bbox 158 496 1299 1877">
     <span class='ocr_line' id='line_1_2' title="bbox 159 496 1294 598; baseline -0.004 -18"><span class='ocrx_word' id='word_1_6' title='bbox 159 526 189 581; x_wconf 88' lang='lat' dir='ltr'><strong>et</strong></span> <span class='ocrx_word' id='word_1_7' title='bbox 210 524 243 580; x_wconf 91' lang='lat' dir='ltr'><strong>in</strong></span> <span class='ocrx_word' id='word_1_8' title='bbox 265 523 377 581; x_wconf 85' lang='lat' dir='ltr'><strong>tabulis</strong></span> <span class='ocrx_word' id='word_1_9' title='bbox 399 525 491 598; x_wconf 81' lang='lat' dir='ltr'><strong>pictis</strong></span> <span class='ocrx_word' id='word_1_10' title='bbox 512 522 665 581; x_wconf 79' lang='lat' dir='ltr'><strong>Venerem</strong></span> <span class='ocrx_word' id='word_1_11' title='bbox 688 521 906 579; x_wconf 77' lang='lat' dir='ltr'><strong>circumvolare</strong></span> <span class='ocrx_word' id='word_1_12' title='bbox 929 521 1043 589; x_wconf 91' lang='lat' dir='ltr'><strong>solent;</strong></span> <span class='ocrx_word' id='word_1_13' title='bbox 1072 519 1110 578; x_wconf 84' lang='lat' dir='ltr'><strong>cf.</strong></span> <span class='ocrx_word' id='word_1_14' title='bbox 1133 496 1189 578; x_wconf 86' lang='lat' dir='ltr'><strong>Ov.</strong></span> <span class='ocrx_word' id='word_1_15' title='bbox 1212 519 1294 577; x_wconf 89' lang='lat' dir='ltr'><strong>Her.</strong></span> 
     </span>
     <span class='ocr_line' id='line_1_3' title="bbox 161 626 1294 699; baseline -0.005 -11"><span class='ocrx_word' id='word_1_16' title='bbox 161 630 205 697; x_wconf 81' lang='lat'><strong>16,</strong></span> <span class='ocrx_word' id='word_1_17' title='bbox 229 629 304 688; x_wconf 69' lang='lat'><strong>203:</strong></span> <span class='ocrx_word' id='word_1_18' title='bbox 332 629 551 688; x_wconf 72' lang='lat' dir='ltr'><strong>«voluerum...</strong></span> <span class='ocrx_word' id='word_1_19' title='bbox 575 630 675 686; x_wconf 89' lang='lat' dir='ltr'><strong>mater</strong></span> <span class='ocrx_word' id='word_1_20' title='bbox 694 627 872 687; x_wconf 75' lang='lat' dir='ltr'><strong>Amorum.»</strong></span> <span class='ocrx_word' id='word_1_21' title='bbox 898 662 938 667; x_wconf 91' lang='lat'><strong>---</strong></span> <span class='ocrx_word' id='word_1_22' title='bbox 959 626 1098 687; x_wconf 75' lang='lat' dir='ltr'><strong>Raditur</strong></span> <span class='ocrx_word' id='word_1_23' title='bbox 1118 627 1171 685; x_wconf 84' lang='lat' dir='ltr'><strong>hie</strong></span> <span class='ocrx_word' id='word_1_24' title='bbox 1192 626 1294 699; x_wconf 63' lang='lat' dir='ltr'><strong>elegis</strong></span> 
     </span>
     <span class='ocr_line' id='line_1_4' title="bbox 158 731 1296 809; baseline -0.005 -16"><span class='ocrx_word' id='word_1_25' title='bbox 158 737 273 794; x_wconf 80' lang='lat' dir='ltr'><strong>ultima</strong></span> <span class='ocrx_word' id='word_1_26' title='bbox 304 742 387 797; x_wconf 85' lang='lat' dir='ltr'><strong>metu</strong></span> <span class='ocrx_word' id='word_1_27' title='bbox 417 738 502 805; x_wconf 80' lang='lat' dir='ltr'><strong>meis,</strong></span> <span class='ocrx_word' id='word_1_28' title='bbox 535 754 572 792; x_wconf 85' lang='lat' dir='ltr'><strong>ex</strong></span> <span class='ocrx_word' id='word_1_29' title='bbox 602 735 692 809; x_wconf 86' lang='lat' dir='ltr'><strong>Prop.</strong></span> <span class='ocrx_word' id='word_1_30' title='bbox 714 733 766 794; x_wconf 90' lang='lat' dir='ltr'><strong>IV.</strong></span> <span class='ocrx_word' id='word_1_31' title='bbox 796 734 822 804; x_wconf 70' lang='lat' dir='ltr'><strong>d,</strong></span> <span class='ocrx_word' id='word_1_32' title='bbox 846 735 900 794; x_wconf 87' lang='lat'><strong>58:</strong></span> <span class='ocrx_word' id='word_1_33' title='bbox 927 733 1008 792; x_wconf 76' lang='lat' dir='ltr'><strong>lhaeo</strong></span> <span class='ocrx_word' id='word_1_34' title='bbox 1039 731 1149 808; x_wconf 87' lang='lat' dir='ltr'><strong>spatiis</strong></span> <span class='ocrx_word' id='word_1_35' title='bbox 1175 733 1296 789; x_wconf 86' lang='lat' dir='ltr'><strong>ultima</strong></span> 
     </span>
     <span class='ocr_line' id='line_1_5' title="bbox 158 839 1295 917; baseline -0.006 -16"><span class='ocrx_word' id='word_1_36' title='bbox 158 847 241 901; x_wconf 84' lang='lat' dir='ltr'><strong>meta</strong></span> <span class='ocrx_word' id='word_1_37' title='bbox 262 844 366 903; x_wconf 78' lang='lat' dir='ltr'><strong>meis.»</strong></span> <span class='ocrx_word' id='word_1_38' title='bbox 391 842 509 900; x_wconf 85' lang='lat' dir='ltr'><strong>Eodem</strong></span> <span class='ocrx_word' id='word_1_39' title='bbox 531 860 624 900; x_wconf 87' lang='lat' dir='ltr'><strong>sensu</strong></span> <span class='ocrx_word' id='word_1_40' title='bbox 644 840 774 916; x_wconf 88' lang='lat' dir='ltr'><strong>figurato</strong></span> <span class='ocrx_word' id='word_1_41' title='bbox 797 841 873 899; x_wconf 83' lang='lat' dir='ltr'><strong>dicit</strong></span> <span class='ocrx_word' id='word_1_42' title='bbox 892 840 983 917; x_wconf 88' lang='lat' dir='ltr'><strong>Prop.</strong></span> <span class='ocrx_word' id='word_1_43' title='bbox 1005 839 1058 900; x_wconf 88' lang='lat' dir='ltr'><strong>IV.</strong></span> <span class='ocrx_word' id='word_1_44' title='bbox 1077 841 1100 908; x_wconf 87' lang='lat'><strong>1,</strong></span> <span class='ocrx_word' id='word_1_45' title='bbox 1126 839 1178 898; x_wconf 79' lang='lat'><strong>70:</strong></span> <span class='ocrx_word' id='word_1_46' title='bbox 1207 839 1295 897; x_wconf 78' lang='lat' dir='ltr'><strong>«Has</strong></span> 
     </span>
     <span class='ocr_line' id='line_1_6' title="bbox 158 945 1296 1023; baseline -0.004 -16"><span class='ocrx_word' id='word_1_47' title='bbox 158 968 245 1008; x_wconf 89' lang='lat' dir='ltr'><strong>meus</strong></span> <span class='ocrx_word' id='word_1_48' title='bbox 266 947 306 1007; x_wconf 90' lang='lat' dir='ltr'><strong>ad</strong></span> <span class='ocrx_word' id='word_1_49' title='bbox 327 951 425 1007; x_wconf 86' lang='lat' dir='ltr'><strong>metas</strong></span> <span class='ocrx_word' id='word_1_50' title='bbox 446 947 535 1007; x_wconf 86' lang='lat' dir='ltr'><strong>sudet</strong></span> <span class='ocrx_word' id='word_1_51' title='bbox 556 949 678 1023; x_wconf 86' lang='lat' dir='ltr'><strong>oportet</strong></span> <span class='ocrx_word' id='word_1_52' title='bbox 698 966 810 1022; x_wconf 70' lang='lat' dir='ltr'><strong>equus»</strong></span> <span class='ocrx_word' id='word_1_53' title='bbox 837 949 868 1005; x_wconf 85' lang='lat' dir='ltr'><strong>et</strong></span> <span class='ocrx_word' id='word_1_54' title='bbox 890 947 944 1007; x_wconf 93' lang='lat' dir='ltr'><strong>Ov.</strong></span> <span class='ocrx_word' id='word_1_55' title='bbox 965 946 1001 1006; x_wconf 81' lang='lat' dir='ltr'><strong>A.</strong></span> <span class='ocrx_word' id='word_1_56' title='bbox 1016 945 1053 1006; x_wconf 82' lang='lat' dir='ltr'><strong>A.</strong></span> <span class='ocrx_word' id='word_1_57' title='bbox 1074 946 1098 1005; x_wconf 95' lang='lat' dir='ltr'><strong>I.</strong></span> <span class='ocrx_word' id='word_1_58' title='bbox 1119 946 1176 1004; x_wconf 80' lang='lat' dir='ltr'><strong>lo:</strong></span> <span class='ocrx_word' id='word_1_59' title='bbox 1197 945 1296 1002; x_wconf 78' lang='lat' dir='ltr'><strong>«Haeo</strong></span> 
     </span>
     <span class='ocr_line' id='line_1_7' title="bbox 159 1030 1295 1130; baseline -0.005 -16"><span class='ocrx_word' id='word_1_60' title='bbox 159 1059 218 1115; x_wconf 86' lang='lat' dir='ltr'><strong>erit</strong></span> <span class='ocrx_word' id='word_1_61' title='bbox 239 1055 374 1114; x_wconf 89' lang='lat' dir='ltr'><strong>admissa</strong></span> <span class='ocrx_word' id='word_1_62' title='bbox 404 1057 486 1113; x_wconf 88' lang='lat' dir='ltr'><strong>meta</strong></span> <span class='ocrx_word' id='word_1_63' title='bbox 519 1052 689 1130; x_wconf 87' lang='lat' dir='ltr'><strong>premenda</strong></span> <span class='ocrx_word' id='word_1_64' title='bbox 709 1056 793 1112; x_wconf 83' lang='lat' dir='ltr'><strong>rota»</strong></span> <span class='ocrx_word' id='word_1_65' title='bbox 819 1056 850 1112; x_wconf 87' lang='lat' dir='ltr'><strong>et</strong></span> <span class='ocrx_word' id='word_1_66' title='bbox 871 1052 944 1112; x_wconf 87' lang='lat' dir='ltr'><strong>ibid.</strong></span> <span class='ocrx_word' id='word_1_67' title='bbox 965 1030 1007 1112; x_wconf 93' lang='lat' dir='ltr'><strong>H</strong></span> <span class='ocrx_word' id='word_1_68' title='bbox 1029 1053 1107 1112; x_wconf 76' lang='lat' dir='ltr'><strong>lut:</strong></span> <span class='ocrx_word' id='word_1_69' title='bbox 1135 1053 1295 1111; x_wconf 73' lang='lat' dir='ltr'><strong>«Interior</strong></span> 
     </span>
     <span class='ocr_line' id='line_1_8' title="bbox 159 1155 1294 1232; baseline -0.005 -11"><span class='ocrx_word' id='word_1_70' title='bbox 159 1181 249 1221; x_wconf 84' lang='lat' dir='ltr'><strong>curru</strong></span> <span class='ocrx_word' id='word_1_71' title='bbox 269 1164 353 1220; x_wconf 87' lang='lat' dir='ltr'><strong>meta</strong></span> <span class='ocrx_word' id='word_1_72' title='bbox 381 1160 512 1219; x_wconf 84' lang='lat' dir='ltr'><strong>terenda</strong></span> <span class='ocrx_word' id='word_1_73' title='bbox 532 1178 601 1218; x_wconf 89' lang='lat' dir='ltr'><strong>meo</strong></span> <span class='ocrx_word' id='word_1_74' title='bbox 634 1162 705 1219; x_wconf 72' lang='lat' dir='ltr'><strong>est.»</strong></span> <span class='ocrx_word' id='word_1_75' title='bbox 731 1194 771 1200; x_wconf 36' lang='lat' dir='ltr'><strong>-e</strong></span> <span class='ocrx_word' id='word_1_76' title='bbox 791 1159 941 1232; x_wconf 76' lang='lat' dir='ltr'><strong>Raditur,</strong></span> <span class='ocrx_word' id='word_1_77' title='bbox 963 1157 1000 1218; x_wconf 88' lang='lat' dir='ltr'><strong>of.</strong></span> <span class='ocrx_word' id='word_1_78' title='bbox 1023 1155 1093 1216; x_wconf 89' lang='lat' dir='ltr'><strong>adn.</strong></span> <span class='ocrx_word' id='word_1_79' title='bbox 1115 1156 1156 1216; x_wconf 88' lang='lat' dir='ltr'><strong>ad</strong></span> <span class='ocrx_word' id='word_1_80' title='bbox 1175 1156 1242 1216; x_wconf 92' lang='lat' dir='ltr'><strong>IH.</strong></span> <span class='ocrx_word' id='word_1_81' title='bbox 1265 1157 1294 1225; x_wconf 69' lang='lat'><strong>2,</strong></span> 
     </span>
     <span class='ocr_line' id='line_1_9' title="bbox 161 1264 1295 1341; baseline -0.007 -13"><span class='ocrx_word' id='word_1_82' title='bbox 161 1269 212 1328; x_wconf 73' lang='lat' dir='ltr'><strong>tt:</strong></span> <span class='ocrx_word' id='word_1_83' title='bbox 240 1270 407 1341; x_wconf 74' lang='lat' dir='ltr'><strong>«stringam</strong></span> <span class='ocrx_word' id='word_1_84' title='bbox 438 1270 536 1325; x_wconf 86' lang='lat' dir='ltr'><strong>metas</strong></span> <span class='ocrx_word' id='word_1_85' title='bbox 557 1266 704 1326; x_wconf 85' lang='lat' dir='ltr'><strong>interiore</strong></span> <span class='ocrx_word' id='word_1_86' title='bbox 731 1269 825 1326; x_wconf 76' lang='lat' dir='ltr'><strong>rota.»</strong></span> <span class='ocrx_word' id='word_1_87' title='bbox 850 1301 890 1306; x_wconf 89' lang='lat'>-</span> <span class='ocrx_word' id='word_1_88' title='bbox 911 1266 1035 1335; x_wconf 85' lang='lat' dir='ltr'><strong>ultima,</strong></span> <span class='ocrx_word' id='word_1_89' title='bbox 1058 1264 1098 1323; x_wconf 89' lang='lat' dir='ltr'><strong>ad</strong></span> <span class='ocrx_word' id='word_1_90' title='bbox 1118 1265 1295 1332; x_wconf 88' lang='lat' dir='ltr'><strong>ultimum;</strong></span> 
     </span>
     <span class='ocr_line' id='line_1_10' title="bbox 160 1370 1295 1450; baseline -0.005 -16"><span class='ocrx_word' id='word_1_91' title='bbox 160 1379 273 1450; x_wconf 77' lang='lat' dir='ltr'><strong>aurigas</strong></span> <span class='ocrx_word' id='word_1_92' title='bbox 300 1373 385 1432; x_wconf 87' lang='lat' dir='ltr'><strong>enim</strong></span> <span class='ocrx_word' id='word_1_93' title='bbox 407 1376 560 1432; x_wconf 73' lang='lat' dir='ltr'><strong>certantes</strong></span> <span class='ocrx_word' id='word_1_94' title='bbox 582 1375 695 1449; x_wconf 87' lang='lat' dir='ltr'><strong>septies</strong></span> <span class='ocrx_word' id='word_1_95' title='bbox 723 1376 813 1433; x_wconf 81' lang='lat' dir='ltr'><strong>metae</strong></span> <span class='ocrx_word' id='word_1_96' title='bbox 836 1392 942 1431; x_wconf 83' lang='lat' dir='ltr'><strong>currus</strong></span> <span class='ocrx_word' id='word_1_97' title='bbox 964 1375 1172 1445; x_wconf 86' lang='lat' dir='ltr'><strong>oiroumagere</strong></span> <span class='ocrx_word' id='word_1_98' title='bbox 1197 1370 1295 1429; x_wconf 87' lang='lat' dir='ltr'><strong>debe-</strong></span> 
     </span>
     <span class='ocr_line' id='line_1_11' title="bbox 158 1476 1298 1557; baseline -0.009 -15"><span class='ocrx_word' id='word_1_99' title='bbox 158 1483 248 1553; x_wconf 84' lang='lat' dir='ltr'><strong>bant3</strong></span> <span class='ocrx_word' id='word_1_100' title='bbox 280 1481 316 1541; x_wconf 84' lang='lat' dir='ltr'><strong>cf.</strong></span> <span class='ocrx_word' id='word_1_101' title='bbox 338 1482 429 1557; x_wconf 87' lang='lat' dir='ltr'><strong>Prop.</strong></span> <span class='ocrx_word' id='word_1_102' title='bbox 460 1481 501 1540; x_wconf 89' lang='lat' dir='ltr'><strong>H.</strong></span> <span class='ocrx_word' id='word_1_103' title='bbox 533 1482 579 1549; x_wconf 67' lang='lat'><strong>25,</strong></span> <span class='ocrx_word' id='word_1_104' title='bbox 613 1482 746 1540; x_wconf 44' lang='lat'>2546:</span> <span class='ocrx_word' id='word_1_105' title='bbox 779 1481 857 1538; x_wconf 76' lang='lat' dir='ltr'><strong>«Aut</strong></span> <span class='ocrx_word' id='word_1_106' title='bbox 884 1482 971 1555; x_wconf 87' lang='lat' dir='ltr'><strong>prius</strong></span> <span class='ocrx_word' id='word_1_107' title='bbox 1001 1479 1114 1537; x_wconf 78' lang='lat' dir='ltr'><strong>infecto</strong></span> <span class='ocrx_word' id='word_1_108' title='bbox 1147 1476 1298 1552; x_wconf 84' lang='lat' dir='ltr'><strong>deposuit</strong></span> 
     </span>
     <span class='ocr_line' id='line_1_12' title="bbox 158 1585 1299 1666; baseline -0.009 -19"><span class='ocrx_word' id='word_1_109' title='bbox 158 1588 286 1666; x_wconf 64' lang='lat' dir='ltr'><strong>praemia</strong></span> <span class='ocrx_word' id='word_1_110' title='bbox 317 1607 415 1657; x_wconf 86' lang='lat' dir='ltr'><strong>eursu,</strong></span> <span class='ocrx_word' id='word_1_111' title='bbox 440 1585 579 1662; x_wconf 83' lang='lat' dir='ltr'><strong>Septima</strong></span> <span class='ocrx_word' id='word_1_112' title='bbox 602 1607 693 1663; x_wconf 89' lang='lat' dir='ltr'><strong>quam</strong></span> <span class='ocrx_word' id='word_1_113' title='bbox 724 1592 839 1646; x_wconf 89' lang='lat' dir='ltr'><strong>metam</strong></span> <span class='ocrx_word' id='word_1_114' title='bbox 870 1589 992 1645; x_wconf 78' lang='lat' dir='ltr'><strong>triverit</strong></span> <span class='ocrx_word' id='word_1_115' title='bbox 1013 1588 1083 1644; x_wconf 91' lang='lat' dir='ltr'><strong>ante</strong></span> <span class='ocrx_word' id='word_1_116' title='bbox 1113 1586 1227 1643; x_wconf 63' lang='lat' dir='ltr'><strong>rotat»</strong></span> <span class='ocrx_word' id='word_1_117' title='bbox 1256 1617 1299 1622; x_wconf 81' lang='lat'><strong>--</strong></span> 
     </span>
     <span class='ocr_line' id='line_1_13' title="bbox 162 1688 1298 1772; baseline -0.009 -16"><span class='ocrx_word' id='word_1_118' title='bbox 162 1696 244 1768; x_wconf 87' lang='lat' dir='ltr'><strong>Quos</strong></span> <span class='ocrx_word' id='word_1_119' title='bbox 265 1715 320 1772; x_wconf 72' lang='lat' dir='ltr'><strong>epo</strong></span> <span class='ocrx_word' id='word_1_120' title='bbox 342 1696 503 1771; x_wconf 80' lang='lat' dir='ltr'><strong>composui</strong></span> <span class='ocrx_word' id='word_1_121' title='bbox 523 1695 660 1770; x_wconf 67' lang='lat' dir='ltr'><strong>Paeltqnt</strong></span> <span class='ocrx_word' id='word_1_122' title='bbox 680 1697 764 1753; x_wconf 77' lang='lat' dir='ltr'><strong>ruris</strong></span> <span class='ocrx_word' id='word_1_123' title='bbox 786 1696 945 1764; x_wconf 75' lang='lat' dir='ltr'><strong>alumnus,</strong></span> <span class='ocrx_word' id='word_1_124' title='bbox 978 1693 1015 1752; x_wconf 84' lang='lat' dir='ltr'><strong>ef.</strong></span> <span class='ocrx_word' id='word_1_125' title='bbox 1038 1691 1107 1750; x_wconf 90' lang='lat' dir='ltr'><strong>adn.</strong></span> <span class='ocrx_word' id='word_1_126' title='bbox 1131 1709 1233 1765; x_wconf 86' lang='lat' dir='ltr'><strong>supra</strong></span> <span class='ocrx_word' id='word_1_127' title='bbox 1255 1688 1298 1747; x_wconf 84' lang='lat' dir='ltr'><strong>ad</strong></span> 
     </span>
     <span class='ocr_line' id='line_1_14' title="bbox 158 1801 1192 1877; baseline -0.009 -15"><span class='ocrx_word' id='word_1_128' title='bbox 158 1803 199 1862; x_wconf 93' lang='lat' dir='ltr'><strong>H.</strong></span> <span class='ocrx_word' id='word_1_129' title='bbox 225 1803 249 1871; x_wconf 86' lang='grc'><strong>1,</strong></span> <span class='ocrx_word' id='word_1_130' title='bbox 277 1802 307 1861; x_wconf 83' lang='grc'><strong>1;</strong></span> <span class='ocrx_word' id='word_1_131' title='bbox 334 1802 417 1860; x_wconf 75' lang='lat' dir='ltr'><strong>«Hoc</strong></span> <span class='ocrx_word' id='word_1_132' title='bbox 439 1819 559 1876; x_wconf 86' lang='lat' dir='ltr'><strong>quoque</strong></span> <span class='ocrx_word' id='word_1_133' title='bbox 581 1804 740 1877; x_wconf 83' lang='lat' dir='ltr'><strong>composui</strong></span> <span class='ocrx_word' id='word_1_134' title='bbox 759 1801 905 1877; x_wconf 74' lang='lat' dir='ltr'><strong>Paelignis</strong></span> <span class='ocrx_word' id='word_1_135' title='bbox 926 1804 1018 1860; x_wconf 86' lang='lat' dir='ltr'><strong>natus</strong></span> <span class='ocrx_word' id='word_1_136' title='bbox 1040 1802 1192 1875; x_wconf 78' lang='lat' dir='ltr'><strong>aquosis.»</strong></span> 
     </span>
    </p>

    <p class='ocr_par' dir='ltr' id='par_1_3' title="bbox 158 1907 1297 2503">
     <span class='ocr_line' id='line_1_15' title="bbox 212 1907 1296 1986; baseline -0.005 -17"><span class='ocrx_word' id='word_1_137' title='bbox 212 1909 248 1970; x_wconf 90' lang='lat' dir='ltr'><strong>V.</strong></span> <span class='ocrx_word' id='word_1_138' title='bbox 270 1910 358 1968; x_wconf 83' lang='grc'><strong>5-6.</strong></span> <span class='ocrx_word' id='word_1_139' title='bbox 381 1907 495 1985; x_wconf 79' lang='lat' dir='ltr'><strong>Siquid</strong></span> <span class='ocrx_word' id='word_1_140' title='bbox 517 1912 550 1970; x_wconf 82' lang='lat' dir='ltr'><strong>id</strong></span> <span class='ocrx_word' id='word_1_141' title='bbox 572 1917 623 1981; x_wconf 85' lang='lat' dir='ltr'><strong>est,</strong></span> <span class='ocrx_word' id='word_1_142' title='bbox 646 1928 745 1986; x_wconf 79' lang='lat' dir='ltr'><strong>usque</strong></span> <span class='ocrx_word' id='word_1_143' title='bbox 766 1930 786 1968; x_wconf 88' lang='lat' dir='ltr'><strong><em>a</em></strong></span> <span class='ocrx_word' id='word_1_144' title='bbox 799 1912 924 1985; x_wconf 78' lang='lat' dir='ltr'><strong>proauis</strong></span> <span class='ocrx_word' id='word_1_145' title='bbox 945 1915 1030 1968; x_wconf 87' lang='lat' dir='ltr'><strong>uetus</strong></span> <span class='ocrx_word' id='word_1_146' title='bbox 1051 1907 1174 1969; x_wconf 81' lang='lat' dir='ltr'><strong>ordiuis</strong></span> <span class='ocrx_word' id='word_1_147' title='bbox 1191 1908 1296 1975; x_wconf 69' lang='lat' dir='ltr'><strong>hereo,</strong></span> 
     </span>
     <span class='ocr_line' id='line_1_16' title="bbox 160 2013 1295 2094; baseline -0.004 -18"><span class='ocrx_word' id='word_1_148' title='bbox 160 2018 233 2076; x_wconf 88' lang='lat' dir='ltr'><strong>Nou</strong></span> <span class='ocrx_word' id='word_1_149' title='bbox 254 2020 344 2077; x_wconf 81' lang='lat' dir='ltr'><strong>modo</strong></span> <span class='ocrx_word' id='word_1_150' title='bbox 367 2017 639 2076; x_wconf 70' lang='lat' dir='ltr'><strong>mutuaturum</strong></span> <span class='ocrx_word' id='word_1_151' title='bbox 660 2020 762 2093; x_wconf 75' lang='lat' dir='ltr'><strong>suetus</strong></span> <span class='ocrx_word' id='word_1_152' title='bbox 783 2036 883 2094; x_wconf 81' lang='lat' dir='ltr'><strong>eques,</strong></span> <span class='ocrx_word' id='word_1_153' title='bbox 914 2020 950 2074; x_wconf 88' lang='lat' dir='ltr'><strong>ut</strong></span> <span class='ocrx_word' id='word_1_154' title='bbox 971 2016 1025 2075; x_wconf 90' lang='lat' dir='ltr'><strong>Ov.</strong></span> <span class='ocrx_word' id='word_1_155' title='bbox 1047 2015 1138 2074; x_wconf 77' lang='lat' dir='ltr'><strong>Trist.</strong></span> <span class='ocrx_word' id='word_1_156' title='bbox 1160 2013 1220 2072; x_wconf 90' lang='lat' dir='ltr'><strong>IV.</strong></span> <span class='ocrx_word' id='word_1_157' title='bbox 1247 2014 1295 2081; x_wconf 90' lang='grc'><strong>10,</strong></span> 
     </span>
     <span class='ocr_line' id='line_1_17' title="bbox 160 2120 1297 2199; baseline -0.004 -16"><span class='ocrx_word' id='word_1_158' title='bbox 160 2126 202 2183; x_wconf 83' lang='lat'><strong>7-</strong></span> <span class='ocrx_word' id='word_1_159' title='bbox 220 2125 253 2182; x_wconf 87' lang='lat'><strong>8:</strong></span> <span class='ocrx_word' id='word_1_160' title='bbox 274 2121 400 2197; x_wconf 75' lang='lat' dir='ltr'><strong>«Siquid</strong></span> <span class='ocrx_word' id='word_1_161' title='bbox 419 2122 451 2180; x_wconf 89' lang='lat' dir='ltr'><strong>id</strong></span> <span class='ocrx_word' id='word_1_162' title='bbox 473 2125 527 2192; x_wconf 91' lang='lat' dir='ltr'><strong>est,</strong></span> <span class='ocrx_word' id='word_1_163' title='bbox 550 2141 646 2199; x_wconf 89' lang='lat' dir='ltr'><strong>usque</strong></span> <span class='ocrx_word' id='word_1_164' title='bbox 669 2143 687 2182; x_wconf 90' lang='lat' dir='ltr'><strong>a</strong></span> <span class='ocrx_word' id='word_1_165' title='bbox 707 2126 830 2199; x_wconf 88' lang='lat' dir='ltr'><strong>proavis</strong></span> <span class='ocrx_word' id='word_1_166' title='bbox 849 2127 938 2182; x_wconf 85' lang='lat' dir='ltr'><strong>vetus</strong></span> <span class='ocrx_word' id='word_1_167' title='bbox 960 2122 1079 2182; x_wconf 87' lang='lat' dir='ltr'><strong>ordinis</strong></span> <span class='ocrx_word' id='word_1_168' title='bbox 1099 2120 1204 2189; x_wconf 67' lang='lat' dir='ltr'><strong>heres</strong></span> <span class='ocrx_word' id='word_1_169' title='bbox 1222 2121 1297 2179; x_wconf 87' lang='lat' dir='ltr'><strong>Non</strong></span> 
     </span>
     <span class='ocr_line' id='line_1_18' title="bbox 160 2226 1297 2304; baseline -0.003 -16"><span class='ocrx_word' id='word_1_170' title='bbox 160 2250 228 2288; x_wconf 91' lang='lat' dir='ltr'><strong>sum</strong></span> <span class='ocrx_word' id='word_1_171' title='bbox 258 2229 389 2288; x_wconf 78' lang='lat' dir='ltr'><strong>fortuna</strong></span> <span class='ocrx_word' id='word_1_172' title='bbox 411 2247 539 2287; x_wconf 87' lang='lat' dir='ltr'><strong>munere</strong></span> <span class='ocrx_word' id='word_1_173' title='bbox 560 2229 658 2289; x_wconf 83' lang='lat' dir='ltr'><strong>factus</strong></span> <span class='ocrx_word' id='word_1_174' title='bbox 690 2247 807 2304; x_wconf 80' lang='lat' dir='ltr'><strong>eques.»</strong></span> <span class='ocrx_word' id='word_1_175' title='bbox 832 2265 873 2271; x_wconf 41' lang='grc' dir='ltr'><strong>ψ</strong></span> <span class='ocrx_word' id='word_1_176' title='bbox 893 2231 1019 2289; x_wconf 82' lang='lat' dir='ltr'><strong>militioe</strong></span> <span class='ocrx_word' id='word_1_177' title='bbox 1048 2228 1187 2299; x_wconf 75' lang='lat' dir='ltr'><strong>turbine,</strong></span> <span class='ocrx_word' id='word_1_178' title='bbox 1218 2226 1297 2285; x_wconf 86' lang='lat' dir='ltr'><strong>belli</strong></span> 
     </span>
     <span class='ocr_line' id='line_1_19' title="bbox 158 2335 1297 2411; baseline -0.001 -16"><span class='ocrx_word' id='word_1_179' title='bbox 158 2338 311 2406; x_wconf 89' lang='lat' dir='ltr'><strong>tumultu;</strong></span> <span class='ocrx_word' id='word_1_180' title='bbox 341 2338 433 2411; x_wconf 89' lang='lat' dir='ltr'><strong>poeta</strong></span> <span class='ocrx_word' id='word_1_181' title='bbox 461 2339 532 2395; x_wconf 88' lang='lat' dir='ltr'><strong>ante</strong></span> <span class='ocrx_word' id='word_1_182' title='bbox 554 2337 657 2395; x_wconf 86' lang='lat' dir='ltr'><strong>oeulos</strong></span> <span class='ocrx_word' id='word_1_183' title='bbox 677 2335 788 2396; x_wconf 90' lang='lat' dir='ltr'><strong>habuit</strong></span> <span class='ocrx_word' id='word_1_184' title='bbox 808 2338 883 2397; x_wconf 91' lang='lat' dir='ltr'><strong>Hor.</strong></span> <span class='ocrx_word' id='word_1_185' title='bbox 907 2336 1008 2396; x_wconf 86' lang='lat' dir='ltr'><strong>Garm.</strong></span> <span class='ocrx_word' id='word_1_186' title='bbox 1029 2336 1071 2395; x_wconf 89' lang='lat' dir='ltr'><strong>H.</strong></span> <span class='ocrx_word' id='word_1_187' title='bbox 1095 2335 1120 2403; x_wconf 87' lang='grc'><strong>7,</strong></span> <span class='ocrx_word' id='word_1_188' title='bbox 1147 2335 1297 2394; x_wconf 76' lang='lat'>15-16:</span> 
     </span>
     <span class='ocr_line' id='line_1_20' title="bbox 164 2441 1229 2503; baseline -0.002 -6"><span class='ocrx_word' id='word_1_189' title='bbox 164 2443 221 2502; x_wconf 80' lang='lat' dir='ltr'><strong>«Te</strong></span> <span class='ocrx_word' id='word_1_190' title='bbox 241 2461 348 2500; x_wconf 86' lang='lat' dir='ltr'><strong>rursus</strong></span> <span class='ocrx_word' id='word_1_191' title='bbox 370 2444 403 2499; x_wconf 92' lang='lat' dir='ltr'><strong>in</strong></span> <span class='ocrx_word' id='word_1_192' title='bbox 424 2441 538 2501; x_wconf 89' lang='lat' dir='ltr'><strong>bellum</strong></span> <span class='ocrx_word' id='word_1_193' title='bbox 559 2442 722 2501; x_wconf 91' lang='lat' dir='ltr'><strong>resorbens</strong></span> <span class='ocrx_word' id='word_1_194' title='bbox 742 2441 835 2503; x_wconf 90' lang='lat' dir='ltr'><strong>Unda</strong></span> <span class='ocrx_word' id='word_1_195' title='bbox 855 2443 943 2502; x_wconf 87' lang='lat' dir='ltr'><strong>fretis</strong></span> <span class='ocrx_word' id='word_1_196' title='bbox 964 2444 1037 2502; x_wconf 90' lang='lat' dir='ltr'><strong>tulit</strong></span> <span class='ocrx_word' id='word_1_197' title='bbox 1056 2442 1229 2501; x_wconf 74' lang='lat' dir='ltr'><strong>aestuosis.»</strong></span> 
     </span>
    </p>

    <p class='ocr_par' dir='ltr' id='par_1_4' title="bbox 158 2547 1298 2838">
     <span class='ocr_line' id='line_1_21' title="bbox 213 2547 1297 2624; baseline -0.003 -16"><span class='ocrx_word' id='word_1_198' title='bbox 213 2549 249 2609; x_wconf 89' lang='lat' dir='ltr'><strong>V.</strong></span> <span class='ocrx_word' id='word_1_199' title='bbox 272 2548 379 2608; x_wconf 78' lang='lat'><strong>7-10.</strong></span> <span class='ocrx_word' id='word_1_200' title='bbox 403 2547 538 2608; x_wconf 88' lang='lat' dir='ltr'><strong>Muutua</strong></span> <span class='ocrx_word' id='word_1_201' title='bbox 564 2549 708 2624; x_wconf 63' lang='lat' dir='ltr'><strong>Vel-pilia</strong></span> <span class='ocrx_word' id='word_1_202' title='bbox 729 2549 884 2623; x_wconf 84' lang='lat' dir='ltr'><strong>Vergilius</strong></span> <span class='ocrx_word' id='word_1_203' title='bbox 905 2551 997 2608; x_wconf 86' lang='lat' dir='ltr'><strong>natus</strong></span> <span class='ocrx_word' id='word_1_204' title='bbox 1019 2551 1066 2607; x_wconf 87' lang='lat' dir='ltr'><strong>ost</strong></span> <span class='ocrx_word' id='word_1_205' title='bbox 1085 2547 1242 2618; x_wconf 88' lang='lat' dir='ltr'><strong>Andibus,</strong></span> <span class='ocrx_word' id='word_1_206' title='bbox 1259 2551 1297 2606; x_wconf 91' lang='lat' dir='ltr'><strong>in</strong></span> 
     </span>
     <span class='ocr_line' id='line_1_22' title="bbox 158 2654 1298 2729; baseline -0.002 -15"><span class='ocrx_word' id='word_1_207' title='bbox 158 2657 227 2715; x_wconf 85' lang='lat' dir='ltr'><strong>vieo</strong></span> <span class='ocrx_word' id='word_1_208' title='bbox 248 2654 287 2716; x_wconf 89' lang='lat' dir='ltr'><strong>ad</strong></span> <span class='ocrx_word' id='word_1_209' title='bbox 316 2656 478 2714; x_wconf 84' lang='lat' dir='ltr'><strong>Mantuam</strong></span> <span class='ocrx_word' id='word_1_210' title='bbox 499 2657 568 2714; x_wconf 92' lang='lat' dir='ltr'><strong>sito.</strong></span> <span class='ocrx_word' id='word_1_211' title='bbox 591 2690 631 2696; x_wconf 90' lang='lat'><strong>—-</strong></span> <span class='ocrx_word' id='word_1_212' title='bbox 656 2656 777 2715; x_wconf 77' lang='lat' dir='ltr'><strong>Verouu</strong></span> <span class='ocrx_word' id='word_1_213' title='bbox 802 2654 933 2729; x_wconf 79' lang='lat' dir='ltr'><strong>Catulle,</strong></span> <span class='ocrx_word' id='word_1_214' title='bbox 963 2655 1099 2714; x_wconf 81' lang='lat' dir='ltr'><strong>Catullus</strong></span> <span class='ocrx_word' id='word_1_215' title='bbox 1126 2657 1298 2714; x_wconf 88' lang='lat' dir='ltr'><strong>natusest</strong></span> 
     </span>
     <span class='ocr_line' id='line_1_23' title="bbox 160 2761 1296 2838; baseline 0 -20"><span class='ocrx_word' id='word_1_216' title='bbox 160 2761 298 2820; x_wconf 78' lang='lat' dir='ltr'><strong>Verona.</strong></span> <span class='ocrx_word' id='word_1_217' title='bbox 323 2795 364 2802; x_wconf 94' lang='lat'>-</span> <span class='ocrx_word' id='word_1_218' title='bbox 383 2761 535 2837; x_wconf 73' lang='lat' dir='ltr'><strong>Poelipuae</strong></span> <span class='ocrx_word' id='word_1_219' title='bbox 566 2764 656 2822; x_wconf 77' lang='lat' dir='ltr'><strong>dicar</strong></span> <span class='ocrx_word' id='word_1_220' title='bbox 676 2763 780 2838; x_wconf 70' lang='lat' dir='ltr'><strong>qlorlu</strong></span> <span class='ocrx_word' id='word_1_221' title='bbox 801 2765 902 2838; x_wconf 73' lang='lat' dir='ltr'><strong>peutls</strong></span> <span class='ocrx_word' id='word_1_222' title='bbox 924 2780 989 2837; x_wconf 76' lang='lat' dir='ltr'><strong>eqo,</strong></span> <span class='ocrx_word' id='word_1_223' title='bbox 1010 2764 1102 2837; x_wconf 85' lang='lat' dir='ltr'><strong>poeta</strong></span> <span class='ocrx_word' id='word_1_224' title='bbox 1123 2763 1199 2819; x_wconf 89' lang='lat' dir='ltr'><strong>ante</strong></span> <span class='ocrx_word' id='word_1_225' title='bbox 1220 2779 1296 2819; x_wconf 88' lang='lat' dir='ltr'><strong>oeu-</strong></span> 
     </span>
    </p>
   </div>
   <div class='ocr_carea' id='block_1_3' title="bbox 35 2858 1296 2944">
    <p class='ocr_par' dir='ltr' id='par_1_5' title="bbox 35 2858 1296 2944">
     <span class='ocr_line' id='line_1_24' title="bbox 35 2858 1296 2944; baseline 0.001 -19"><span class='ocrx_word' id='word_1_226' title='bbox 35 2858 38 2862; x_wconf 61' lang='grc'><strong>’</strong></span> <span class='ocrx_word' id='word_1_227' title='bbox 158 2868 204 2926; x_wconf 85' lang='lat' dir='ltr'><strong>los</strong></span> <span class='ocrx_word' id='word_1_228' title='bbox 235 2867 345 2927; x_wconf 82' lang='lat' dir='ltr'><strong>habuit</strong></span> <span class='ocrx_word' id='word_1_229' title='bbox 363 2868 453 2943; x_wconf 86' lang='lat' dir='ltr'><strong>Prop.</strong></span> <span class='ocrx_word' id='word_1_230' title='bbox 484 2868 537 2928; x_wconf 87' lang='lat' dir='ltr'><strong>IV.</strong></span> <span class='ocrx_word' id='word_1_231' title='bbox 563 2870 587 2938; x_wconf 90' lang='grc'><strong>1,</strong></span> <span class='ocrx_word' id='word_1_232' title='bbox 611 2869 744 2929; x_wconf 73' lang='grc' dir='ltr'><strong>63-61ε</strong></span> <span class='ocrx_word' id='word_1_233' title='bbox 772 2869 829 2930; x_wconf 71' lang='lat' dir='ltr'><strong>«Ut</strong></span> <span class='ocrx_word' id='word_1_234' title='bbox 850 2871 966 2928; x_wconf 89' lang='lat' dir='ltr'><strong>nostris</strong></span> <span class='ocrx_word' id='word_1_235' title='bbox 987 2868 1154 2928; x_wconf 80' lang='lat' dir='ltr'><strong>tumefacta</strong></span> <span class='ocrx_word' id='word_1_236' title='bbox 1183 2887 1296 2944; x_wconf 88' lang='lat' dir='ltr'><strong>super-</strong></span> 
     </span>
    </p>
   </div>
   <div class='ocr_carea' id='block_1_4' title="bbox 158 2974 1298 3908">
    <p class='ocr_par' dir='ltr' id='par_1_6' title="bbox 158 2974 1298 3908">
     <span class='ocr_line' id='line_1_25' title="bbox 158 2974 1232 3054; baseline 0 -22"><span class='ocrx_word' id='word_1_237' title='bbox 158 2974 224 3034; x_wconf 88' lang='lat' dir='ltr'><strong>biat</strong></span> <span class='ocrx_word' id='word_1_238' title='bbox 254 2975 385 3034; x_wconf 89' lang='lat' dir='ltr'><strong>Umbria</strong></span> <span class='ocrx_word' id='word_1_239' title='bbox 414 2977 511 3046; x_wconf 79' lang='lat' dir='ltr'><strong>libris,</strong></span> <span class='ocrx_word' id='word_1_240' title='bbox 544 2976 676 3037; x_wconf 90' lang='lat' dir='ltr'><strong>Umbria</strong></span> <span class='ocrx_word' id='word_1_241' title='bbox 705 2977 840 3037; x_wconf 88' lang='lat' dir='ltr'><strong>Romani</strong></span> <span class='ocrx_word' id='word_1_242' title='bbox 870 2979 973 3054; x_wconf 90' lang='lat' dir='ltr'><strong>patria</strong></span> <span class='ocrx_word' id='word_1_243' title='bbox 1003 2975 1232 3037; x_wconf 66' lang='lat' dir='ltr'><strong>Callimachio&#39;</strong></span> 
     </span>
     <span class='ocr_line' id='line_1_26' title="bbox 161 3066 1296 3161; baseline 0.004 -21"><span class='ocrx_word' id='word_1_244' title='bbox 161 3083 266 3152; x_wconf 84' lang='lat' dir='ltr'><strong>Quum</strong></span> <span class='ocrx_word' id='word_1_245' title='bbox 286 3101 346 3141; x_wconf 83' lang='lat' dir='ltr'><strong>suu</strong></span> <span class='ocrx_word' id='word_1_246' title='bbox 367 3066 558 3144; x_wconf 35' lang='lat' dir='ltr'><strong>libertus&#39;ud</strong></span> <span class='ocrx_word' id='word_1_247' title='bbox 579 3087 709 3143; x_wconf 79' lang='lat' dir='ltr'><strong>honesta</strong></span> <span class='ocrx_word' id='word_1_248' title='bbox 737 3093 879 3161; x_wconf 70' lang='lat' dir='ltr'><strong>coeperat</strong></span> <span class='ocrx_word' id='word_1_249' title='bbox 900 3105 1001 3157; x_wconf 79' lang='lat' dir='ltr'><strong>uuuu,</strong></span> <span class='ocrx_word' id='word_1_250' title='bbox 1029 3083 1108 3141; x_wconf 86' lang='lat' dir='ltr'><strong>bello</strong></span> <span class='ocrx_word' id='word_1_251' title='bbox 1131 3084 1241 3141; x_wconf 78' lang='lat' dir='ltr'><strong>sociali</strong></span> <span class='ocrx_word' id='word_1_252' title='bbox 1266 3103 1296 3144; x_wconf 84' lang='lat' dir='ltr'><strong>a.</strong></span> 
     </span>
     <span class='ocr_line' id='line_1_27' title="bbox 159 3188 1296 3267; baseline 0.001 -19"><span class='ocrx_word' id='word_1_253' title='bbox 159 3189 288 3248; x_wconf 80' lang='grc'><strong>91--79,</strong></span> <span class='ocrx_word' id='word_1_254' title='bbox 311 3208 337 3249; x_wconf 89' lang='lat' dir='ltr'><strong>a.</strong></span> <span class='ocrx_word' id='word_1_255' title='bbox 361 3188 431 3249; x_wconf 86' lang='lat' dir='ltr'><strong>Chr.</strong></span> <span class='ocrx_word' id='word_1_256' title='bbox 453 3209 485 3248; x_wconf 90' lang='lat' dir='ltr'><strong>n.</strong></span> <span class='ocrx_word' id='word_1_257' title='bbox 512 3189 551 3248; x_wconf 90' lang='lat' dir='ltr'><strong>In</strong></span> <span class='ocrx_word' id='word_1_258' title='bbox 572 3190 631 3249; x_wconf 86' lang='lat' dir='ltr'><strong>hoc</strong></span> <span class='ocrx_word' id='word_1_259' title='bbox 652 3190 731 3250; x_wconf 89' lang='lat' dir='ltr'><strong>bello</strong></span> <span class='ocrx_word' id='word_1_260' title='bbox 751 3194 917 3267; x_wconf 81' lang='lat' dir='ltr'><strong>primarias</strong></span> <span class='ocrx_word' id='word_1_261' title='bbox 945 3190 1078 3266; x_wconf 85' lang='lat' dir='ltr'><strong>agebant</strong></span> <span class='ocrx_word' id='word_1_262' title='bbox 1097 3191 1204 3266; x_wconf 86' lang='lat' dir='ltr'><strong>partes</strong></span> <span class='ocrx_word' id='word_1_263' title='bbox 1225 3190 1296 3249; x_wconf 85' lang='lat' dir='ltr'><strong>Pae-</strong></span> 
     </span>
     <span class='ocr_line' id='line_1_28' title="bbox 158 3296 1298 3373; baseline 0.001 -21"><span class='ocrx_word' id='word_1_264' title='bbox 158 3298 238 3369; x_wconf 84' lang='lat' dir='ltr'><strong>ligni</strong></span> <span class='ocrx_word' id='word_1_265' title='bbox 258 3298 483 3370; x_wconf 85' lang='lat' dir='ltr'><strong>volueruntque</strong></span> <span class='ocrx_word' id='word_1_266' title='bbox 505 3297 581 3354; x_wconf 81' lang='lat' dir='ltr'><strong>socii</strong></span> <span class='ocrx_word' id='word_1_267' title='bbox 604 3296 782 3366; x_wconf 82' lang='lat' dir='ltr'><strong>Corfinium,</strong></span> <span class='ocrx_word' id='word_1_268' title='bbox 807 3298 954 3373; x_wconf 91' lang='lat' dir='ltr'><strong>oppidum</strong></span> <span class='ocrx_word' id='word_1_269' title='bbox 976 3299 1010 3355; x_wconf 90' lang='lat' dir='ltr'><strong>in</strong></span> <span class='ocrx_word' id='word_1_270' title='bbox 1023 3297 1178 3370; x_wconf 78' lang='lat' dir='ltr'><strong>Paelignis,</strong></span> <span class='ocrx_word' id='word_1_271' title='bbox 1197 3299 1298 3372; x_wconf 80' lang='lat' dir='ltr'><strong>caput</strong></span> 
     </span>
     <span class='ocr_line' id='line_1_29' title="bbox 159 3402 1297 3479; baseline 0.003 -20"><span class='ocrx_word' id='word_1_272' title='bbox 159 3402 334 3477; x_wconf 81' lang='lat' dir='ltr'><strong>reipublioae</strong></span> <span class='ocrx_word' id='word_1_273' title='bbox 365 3422 452 3461; x_wconf 85' lang='lat' dir='ltr'><strong>novae</strong></span> <span class='ocrx_word' id='word_1_274' title='bbox 482 3403 600 3475; x_wconf 84' lang='lat' dir='ltr'><strong>facere,·</strong></span> <span class='ocrx_word' id='word_1_275' title='bbox 632 3405 670 3464; x_wconf 84' lang='lat' dir='ltr'><strong>of.</strong></span> <span class='ocrx_word' id='word_1_276' title='bbox 692 3405 769 3464; x_wconf 87' lang='lat' dir='ltr'><strong>Vell.</strong></span> <span class='ocrx_word' id='word_1_277' title='bbox 791 3405 859 3464; x_wconf 89' lang='lat' dir='ltr'><strong>Pat.</strong></span> <span class='ocrx_word' id='word_1_278' title='bbox 880 3403 920 3464; x_wconf 88' lang='lat' dir='ltr'><strong>H.</strong></span> <span class='ocrx_word' id='word_1_279' title='bbox 946 3406 1001 3464; x_wconf 80' lang='lat'><strong>16:</strong></span> <span class='ocrx_word' id='word_1_280' title='bbox 1029 3403 1145 3479; x_wconf 73' lang='lat' dir='ltr'><strong>«Caput</strong></span> <span class='ocrx_word' id='word_1_281' title='bbox 1174 3405 1297 3478; x_wconf 88' lang='lat' dir='ltr'><strong>imperi</strong></span> 
     </span>
     <span class='ocr_line' id='line_1_30' title="bbox 161 3499 1297 3587; baseline 0.004 -22"><span class='ocrx_word' id='word_1_282' title='bbox 161 3511 208 3566; x_wconf 87' lang='lat' dir='ltr'><strong>sui</strong></span> <span class='ocrx_word' id='word_1_283' title='bbox 231 3508 401 3567; x_wconf 88' lang='lat' dir='ltr'><strong>Corfinium</strong></span> <span class='ocrx_word' id='word_1_284' title='bbox 422 3510 561 3582; x_wconf 86' lang='lat' dir='ltr'><strong>legerant</strong></span> <span class='ocrx_word' id='word_1_285' title='bbox 583 3512 673 3586; x_wconf 89' lang='lat' dir='ltr'><strong>atque</strong></span> <span class='ocrx_word' id='word_1_286' title='bbox 696 3499 890 3587; x_wconf 84' lang='lat' dir='ltr'><strong>appellarant</strong></span> <span class='ocrx_word' id='word_1_287' title='bbox 909 3511 1077 3570; x_wconf 71' lang='lat' dir='ltr'><strong>Italicam.»</strong></span> <span class='ocrx_word' id='word_1_288' title='bbox 1103 3544 1143 3551; x_wconf 88' lang='lat'>-</span> <span class='ocrx_word' id='word_1_289' title='bbox 1157 3511 1297 3570; x_wconf 76' lang='lat' dir='ltr'><strong>honesto</strong></span> 
     </span>
     <span class='ocr_line' id='line_1_31' title="bbox 222 3615 1297 3692; baseline 0.003 -18.836"><span class='ocrx_word' id='word_1_290' title='bbox 222 3634 322 3684; x_wconf 73' lang='lat' dir='ltr'><strong>armo,</strong></span> <span class='ocrx_word' id='word_1_291' title='bbox 344 3615 492 3690; x_wconf 84' lang='lat' dir='ltr'><strong>petebant</strong></span> <span class='ocrx_word' id='word_1_292' title='bbox 511 3618 597 3674; x_wconf 90' lang='lat' dir='ltr'><strong>enim</strong></span> <span class='ocrx_word' id='word_1_293' title='bbox 619 3618 695 3675; x_wconf 86' lang='lat' dir='ltr'><strong>sooii</strong></span> <span class='ocrx_word' id='word_1_294' title='bbox 715 3619 874 3678; x_wconf 78' lang='lat' dir='ltr'><strong>civitatem</strong></span> <span class='ocrx_word' id='word_1_295' title='bbox 887 3617 1061 3678; x_wconf 90' lang='lat' dir='ltr'><strong>Romanam</strong></span> <span class='ocrx_word' id='word_1_296' title='bbox 1082 3620 1145 3676; x_wconf 90' lang='lat' dir='ltr'><strong>iam</strong></span> <span class='ocrx_word' id='word_1_297' title='bbox 1166 3616 1297 3692; x_wconf 86' lang='lat' dir='ltr'><strong>pridem</strong></span> 
     </span>
     <span class='ocr_line' id='line_1_32' title="bbox 160 3720 1296 3803; baseline 0.005 -27"><span class='ocrx_word' id='word_1_298' title='bbox 160 3722 319 3792; x_wconf 87' lang='lat' dir='ltr'><strong>meritam;</strong></span> <span class='ocrx_word' id='word_1_299' title='bbox 350 3720 387 3780; x_wconf 86' lang='lat' dir='ltr'><strong>of.</strong></span> <span class='ocrx_word' id='word_1_300' title='bbox 408 3722 485 3781; x_wconf 87' lang='lat' dir='ltr'><strong>Vell.</strong></span> <span class='ocrx_word' id='word_1_301' title='bbox 508 3723 574 3783; x_wconf 89' lang='lat' dir='ltr'><strong>Pat.</strong></span> <span class='ocrx_word' id='word_1_302' title='bbox 595 3722 636 3783; x_wconf 91' lang='lat' dir='ltr'><strong>H.</strong></span> <span class='ocrx_word' id='word_1_303' title='bbox 662 3725 719 3783; x_wconf 80' lang='lat'><strong>16:</strong></span> <span class='ocrx_word' id='word_1_304' title='bbox 746 3723 942 3803; x_wconf 76' lang='lat' dir='ltr'><strong>dsooiorum)</strong></span> <span class='ocrx_word' id='word_1_305' title='bbox 974 3744 1066 3784; x_wconf 83' lang='lat' dir='ltr'><strong>eausa</strong></span> <span class='ocrx_word' id='word_1_306' title='bbox 1094 3725 1168 3782; x_wconf 76' lang='lat' dir='ltr'><strong>fut</strong></span> <span class='ocrx_word' id='word_1_307' title='bbox 1185 3726 1296 3783; x_wconf 82' lang='lat' dir='ltr'><strong>iustis-</strong></span> 
     </span>
     <span class='ocr_line' id='line_1_33' title="bbox 160 3826 1298 3908; baseline 0.006 -26"><span class='ocrx_word' id='word_1_308' title='bbox 160 3828 252 3885; x_wconf 83' lang='lat' dir='ltr'><strong>sima:</strong></span> <span class='ocrx_word' id='word_1_309' title='bbox 284 3826 431 3902; x_wconf 85' lang='lat' dir='ltr'><strong>petebant</strong></span> <span class='ocrx_word' id='word_1_310' title='bbox 462 3832 546 3887; x_wconf 88' lang='lat' dir='ltr'><strong>enim</strong></span> <span class='ocrx_word' id='word_1_311' title='bbox 577 3848 646 3888; x_wconf 86' lang='lat' dir='ltr'><strong>eam</strong></span> <span class='ocrx_word' id='word_1_312' title='bbox 676 3833 842 3901; x_wconf 83' lang='lat' dir='ltr'><strong>civitatem,</strong></span> <span class='ocrx_word' id='word_1_313' title='bbox 876 3834 963 3890; x_wconf 88' lang='lat' dir='ltr'><strong>ouius</strong></span> <span class='ocrx_word' id='word_1_314' title='bbox 993 3834 1159 3908; x_wconf 88' lang='lat' dir='ltr'><strong>imperium</strong></span> <span class='ocrx_word' id='word_1_315' title='bbox 1194 3833 1298 3889; x_wconf 88' lang='lat' dir='ltr'><strong>armis</strong></span> 
     </span>
    </p>
   </div>
   <div class='ocr_carea' id='block_1_5' title="bbox 159 3932 1298 4122">
    <p class='ocr_par' dir='ltr' id='par_1_7' title="bbox 159 3932 1298 4122">
     <span class='ocr_line' id='line_1_34' title="bbox 159 3932 1296 4012; baseline 0.009 -22"><span class='ocrx_word' id='word_1_316' title='bbox 159 3932 350 3993; x_wconf 78' lang='lat' dir='ltr'><strong>tuebantur.»</strong></span> <span class='ocrx_word' id='word_1_317' title='bbox 443 3936 522 3995; x_wconf 84' lang='lat' dir='ltr'><strong>Cum</strong></span> <span class='ocrx_word' id='word_1_318' title='bbox 554 3939 661 3997; x_wconf 79' lang='lat' dir='ltr'><strong>timuit</strong></span> <span class='ocrx_word' id='word_1_319' title='bbox 691 3942 791 3999; x_wconf 82' lang='lat' dir='ltr'><strong>socius</strong></span> <span class='ocrx_word' id='word_1_320' title='bbox 822 3941 925 3999; x_wconf 79' lang='lat' dir='ltr'><strong>uuuiu</strong></span> <span class='ocrx_word' id='word_1_321' title='bbox 956 3941 1061 4001; x_wconf 83' lang='lat' dir='ltr'><strong>Romu</strong></span> <span class='ocrx_word' id='word_1_322' title='bbox 1091 3959 1220 4012; x_wconf 78' lang='lat' dir='ltr'><strong>munus,</strong></span> <span class='ocrx_word' id='word_1_323' title='bbox 1254 3941 1296 4000; x_wconf 87' lang='lat' dir='ltr'><strong>of.</strong></span> 
     </span>
     <span class='ocr_line' id='line_1_35' title="bbox 161 4039 1298 4122; baseline 0.009 -25"><span class='ocrx_word' id='word_1_324' title='bbox 161 4039 238 4099; x_wconf 91' lang='lat' dir='ltr'><strong>Vell.</strong></span> <span class='ocrx_word' id='word_1_325' title='bbox 259 4041 327 4101; x_wconf 91' lang='lat' dir='ltr'><strong>Pat.</strong></span> <span class='ocrx_word' id='word_1_326' title='bbox 348 4041 390 4102; x_wconf 92' lang='lat' dir='ltr'><strong>H.</strong></span> <span class='ocrx_word' id='word_1_327' title='bbox 416 4044 465 4102; x_wconf 77' lang='lat'><strong>16:</strong></span> <span class='ocrx_word' id='word_1_328' title='bbox 493 4043 583 4102; x_wconf 75' lang='lat' dir='ltr'><strong>«Tam</strong></span> <span class='ocrx_word' id='word_1_329' title='bbox 605 4047 692 4103; x_wconf 86' lang='lat' dir='ltr'><strong>varia</strong></span> <span class='ocrx_word' id='word_1_330' title='bbox 713 4049 804 4122; x_wconf 83' lang='lat' dir='ltr'><strong>atque</strong></span> <span class='ocrx_word' id='word_1_331' title='bbox 827 4050 914 4106; x_wconf 84' lang='lat' dir='ltr'><strong>atrox</strong></span> <span class='ocrx_word' id='word_1_332' title='bbox 941 4048 1066 4107; x_wconf 87' lang='lat' dir='ltr'><strong>fortuna</strong></span> <span class='ocrx_word' id='word_1_333' title='bbox 1085 4048 1190 4106; x_wconf 76' lang='lat' dir='ltr'><strong>Italici</strong></span> <span class='ocrx_word' id='word_1_334' title='bbox 1216 4047 1298 4109; x_wconf 90' lang='lat' dir='ltr'><strong>belli</strong></span> 
     </span>
    </p>
   </div>
   <div class='ocr_carea' id='block_1_6' title="bbox 160 4146 1298 4226">
    <p class='ocr_par' dir='ltr' id='par_1_8' title="bbox 160 4146 1298 4226">
     <span class='ocr_line' id='line_1_36' title="bbox 160 4146 1298 4226; baseline 0.012 -24"><span class='ocrx_word' id='word_1_335' title='bbox 160 4146 226 4217; x_wconf 88' lang='lat' dir='ltr'><strong>fuit,</strong></span> <span class='ocrx_word' id='word_1_336' title='bbox 249 4151 285 4207; x_wconf 87' lang='lat' dir='ltr'><strong>ut</strong></span> <span class='ocrx_word' id='word_1_337' title='bbox 297 4168 360 4224; x_wconf 63' lang='lat' dir='ltr'><strong>,per</strong></span> <span class='ocrx_word' id='word_1_338' title='bbox 381 4149 544 4210; x_wconf 87' lang='lat' dir='ltr'><strong>biennium</strong></span> <span class='ocrx_word' id='word_1_339' title='bbox 565 4155 749 4212; x_wconf 78' lang='lat' dir='ltr'><strong>continuum</strong></span> <span class='ocrx_word' id='word_1_340' title='bbox 764 4154 823 4214; x_wconf 92' lang='lat' dir='ltr'><strong>duo</strong></span> <span class='ocrx_word' id='word_1_341' title='bbox 838 4155 973 4214; x_wconf 86' lang='lat' dir='ltr'><strong>Romani</strong></span> <span class='ocrx_word' id='word_1_342' title='bbox 987 4158 1136 4226; x_wconf 83' lang='lat' dir='ltr'><strong>eonsules,</strong></span> <span class='ocrx_word' id='word_1_343' title='bbox 1151 4153 1298 4216; x_wconf 83' lang='lat' dir='ltr'><strong>Rutilius</strong></span> 
     </span>
    </p>
   </div>
   <div class='ocr_carea' id='block_1_7' title="bbox 0 0 1456 4754">
    <p class='ocr_par' dir='ltr' id='par_1_9' title="bbox 0 0 1456 4754">
     <span class='ocr_line' id='line_1_37' title="bbox 0 0 1456 4754; baseline 0 0"><span class='ocrx_word' id='word_1_344' title='bbox 0 0 1456 4754; x_wconf 95' lang='lat' dir='ltr'><strong> </strong></span> 
     </span>
    </p>
   </div>
  </div>
 </body>
</html>
