2896 4754
538 343 631 388 11111.
651 341 692 400 13,
713 341 800 387 1-10.
1182 320 1232 373 195

87 535 173 576 nam
205 517 374 577 secundum
401 519 477 579 Hor.
501 518 564 578 Sat.
585 519 609 577 Ι.
634 520 659 586 3,
686 519 861 577 107---108;
898 536 1034 576 «cunnus
1065 516 1233 576 taeterrima

90 623 174 682 belli
196 624 320 685 Causa.»
343 661 375 667 —
404 629 546 703 adposito
563 673 569 685 .
586 673 592 685 .
610 673 616 685 .
633 646 728 695 eicco,
759 625 793 682 in
814 626 964 694 convivio,
988 627 1136 700 utsupra
1157 626 1182 685 Ι.
1204 625 1231 693 4,

93 732 137 790 7:
166 733 283 807 «posito
304 735 394 792 vino»
421 736 451 792 et
472 734 514 792 Π.
540 735 585 804 11,
607 735 664 793 te:
692 733 850 809 «adposito
875 733 995 809 Lyae.»
1099 732 1232 790 Femina

98 838 255 897 Troianos
276 840 394 898 iterum
415 859 497 898 noua
519 839 600 898 betto
621 857 742 898 movere
764 838 906 913 Impulit,
929 857 965 896 ex
979 838 1069 912 Verg.
1085 837 1161 895 Aen.
1177 836 1230 896 VI.

94 946 239 1005 enei:
274 946 389 1007 «Causa
420 948 495 1006 mali
526 947 608 1005 tanti
640 947 777 1006 coniunx
808 946 921 1004 iterum
952 944 1076 1020 hospita
1108 943 1233 1002 Teucris

94 1052 290 1128 Externique
310 1055 425 1112 iterum
446 1053 603 1114 thalami.»
636 1051 746 1129 A‘gitur
776 1053 812 1111 de
843 1051 983 1122 Lavinia,
1015 1053 1095 1126 regis
1126 1051 1231 1109 Latini

92 1160 172 1230 filia,
188 1181 244 1237 pro
264 1181 325 1238 qua
345 1163 465 1222 Aeneas
487 1165 518 1221 et
539 1162 661 1222 Turnus
682 1163 852 1222 certabant.

154 1269 190 1328 V.
214 1268 343 1327 13-18.
366 1269 501 1328 Femina
522 1270 678 1329 Romanis
700 1272 797 1328 ctiam
818 1288 906 1328 uuiic
932 1256 1012 1327 Urbe
1031 1265 1150 1326 recenti
1170 1264 1231 1321 Im·

96 1377 186 1434 ruebit
207 1394 333 1447 soceros,
357 1377 459 1450 agitur
480 1374 516 1434 de
538 1376 630 1451 raptu
652 1375 838 1435 Sabinarum
859 1377 1008 1450 regnante
1029 1373 1169 1431 Romule.
1196 1404 1232 1408 —

101 1481 182 1540 Urbe
202 1484 330 1553 recenti,
352 1481 410 1541 abl.
433 1480 494 1540 aba.
578 1502 705 1555 soceros,
728 1483 867 1552 Sabinos
901 1502 1032 1559 quorum
1063 1479 1141 1538 filias
1172 1477 1231 1536 Ro·

96 1589 185 1646 mani
206 1589 238 1646 vi
257 1591 436 1663 rapuerunt.
459 1624 498 1629 -„
526 1589 598 1648 Vidi
620 1608 674 1664 eqo
695 1608 752 1664 pro
774 1589 868 1647 niueo
886 1593 1068 1663 pequuutes
1099 1587 1232 1661 couiuqc

98 1701 228 1754 taceres:
250 1693 430 1769 Spectatricc
452 1697 577 1755 animos
598 1699 668 1770 ipsu
689 1699 824 1755 iuucacu
845 1696 951 1763 dubet,
974 1696 1065 1770 poeta
1095 1693 1232 1768 respexit

96 1801 189 1874 Verg.
215 1799 269 1861 Ge.
301 1801 360 1860 IH.
394 1802 478 1860 aie—
496 1803 573 1862 am:
609 1802 764 1861 «Pascitur
793 1804 828 1860 in
858 1820 972 1875 magna
1002 1799 1067 1860 Sila
1096 1800 1231 1859 formosa

94 1911 244 1967 iuvenca:
267 1908 318 1966 Illi
332 1907 384 1986 (so.
401 1909 496 1987 tauri)
513 1911 705 1969 alternantes
720 1911 818 1968 multa
832 1910 863 1968 vi
877 1909 999 1984 proelia
1012 1908 1170 1966 miscent.»
1191 1942 1230 1948 —-

94 2017 165 2074 siue
187 2017 279 2088 ccede,
305 2019 340 2074 ut
361 2036 454 2093 supra
474 2036 518 2076 vs.
541 2019 578 2077 6:
605 2017 773 2090 «sanguine
804 2016 909 2092 praeda
939 2017 1050 2100 earet.»
1075 2050 1115 2055 —
1136 2017 1229 2091 siqua

93 2141 227 2195 iacuere,
250 2142 290 2182 sc.
315 2123 353 2181 ad
375 2141 512 2199 pugnam
535 2123 799 2182 committendam.

618 2433 706 2494 XIII.

486 2574 564 2636 Lib.
587 2575 638 2635 II.
660 2575 744 2654 oley.
766 2571 828 2636 13.

131 2758 294 2819 ,Morbum
326 2758 432 2817 amioae
463 2762 668 2818 narraverunt
697 2759 763 2819 Tib.
792 2762 817 2820 I.
840 2762 866 2829 5,
891 2760 999 2821 8--18,
1021 2764 1051 2818 et
1072 2761 1163 2837 Prop.
1185 2761 1228 2818 II.

92 2864 153 2933 28,
179 2882 309 2938 quorum
331 2865 508 2939 exemplum
529 2869 651 2924 secutus
674 2869 721 2924 est
743 2865 871 2925 Ovidius
893 2868 952 2924 hac
971 2867 1076 2941 elegia,
1094 2865 1147 2924 sed
1161 2885 1229 2924 rem

93 2971 131 3028 in
154 2968 323 3028 obscenum
345 2970 533 3045 detorquens
556 2970 726 3030 Corinnam
755 2972 851 3030 fetum
882 2974 1000 3030 ventris
1031 2972 1167 3048 abegisse
1199 2975 1229 3031 et

92 3073 135 3134 ob
157 3075 191 3134 id
219 3064 325 3152 ip‘sum
355 3078 504 3152 aegrotare
532 3078 635 3157 fingit.
665 3079 809 3139 Fortasse
840 3080 899 3139 hoe
931 3098 1051 3155 quoque
1082 3099 1119 3138 ex
1148 3100 1228 3138 nova

96 3181 270 3241 Atticorum
291 3183 443 3243 comoedia
464 3184 604 3261 sumpsit,
629 3185 680 3244 ubi
709 3205 789 3260 saepe
819 3185 966 3259 agebatur
993 3184 1030 3243 de
1058 3187 1227 3244 meretrici-

95 3287 151 3346 bus
182 3290 434 3363 parturientibus,
467 3293 592 3366 partnm
622 3291 849 3360 simulantibus,
881 3311 993 3367 pueros
1025 3295 1226 3368 supponenti-

95 3394 152 3452 bus
175 3397 231 3455 eta.

134 3499 229 3560 ‘Cum
250 3502 309 3562 hau
330 3504 427 3580 elegia
450 3504 603 3564 artissime
625 3507 760 3566 cohaeret
781 3525 921 3581 sequens.

150 3822 184 3880 V.
212 3822 297 3883 1---a
320 3842 409 3896 onus,
432 3824 467 3882 de
490 3824 556 3884 fetu
577 3827 665 3894 uteri,
689 3829 724 3884 ut
745 3826 827 3884 infra
848 3845 890 3884 vs.
915 3827 961 3884 10.
985 3828 1224 3899 «1113311111-

94 3928 196 4003 guida,
220 3933 352 4004 aegrota3
376 3931 412 3992 of.
438 3932 504 3992 Tib.
537 3931 648 4010 (Sulp.)
680 3933 732 3992 IV.
757 3934 803 4002 11,
836 3934 871 3992 t:
908 3932 1013 4004 «Quod
1042 3951 1112 3993 mea
1143 3955 1225 3992 nunc

93 4039 186 4095 vexat
207 4054 336 4114 corpora
357 4040 437 4114 fosso
458 4041 567 4100 calor.»

149 4143 184 4202 V.
209 4144 316 4205 7-10.
339 4145 391 4217 isi,
413 4145 450 4206 ci.
474 4146 545 4205 adn.
568 4166 662 4223 supra
683 4147 722 4205 ad
744 4148 768 4206 Ι.
792 4149 818 4216 8,
844 4148 898 4206 74ε
919 4148 1011 4206 «Isis»
1031 4144 1130 4207 et'Ov.
1150 4149 1224 4207 Met.

1067 4263 1117 4315 13*
