2896 4754
583 363 717 408 AMOBUM
736 364 786 406 111.
809 361 850 406 19.

683 590 756 653 XII.

246 769 327 847 Quis
351 772 415 834 fuit
439 771 496 833 ille
520 770 599 839 dies,
627 788 692 850 quo
715 769 826 831 tristia
850 787 981 850 semper
1004 769 1134 831 amanti

291 887 412 950 Omina
436 906 505 950 non
529 885 611 948 albae
636 885 855 947 concinuistis
879 888 982 947 aves?

246 1001 381 1080 Quodve
405 1006 521 1084 putem
546 1000 637 1063 sidus
661 1001 787 1063 nostris
812 1018 982 1062 occurrere
1007 1000 1094 1072 fatis,

290 1117 420 1195 Quosve
445 1116 523 1179 deos
547 1117 584 1178 in
608 1136 660 1178 me
684 1115 773 1178 bella
796 1135 930 1178 movere
955 1120 1098 1197 querar?

214 1231 325 1309 sQuae
349 1231 449 1294 modo
474 1231 562 1293 dicta
585 1234 701 1304 meast,
728 1249 827 1311 quam
852 1230 938 1312 coepi
963 1228 1054 1292 solus
1080 1249 1207 1304 amare,

290 1346 372 1411 Cum
395 1348 511 1410 multis
536 1366 651 1409 vereor
674 1367 717 1409 ne
742 1347 785 1409 sit
809 1345 963 1409 habenda
985 1346 1079 1410 mihi.

244 1462 415 1537 Fallimur,
443 1481 486 1524 an
509 1462 636 1524 nostris
660 1461 810 1524 innotuit
833 1461 893 1524 illa
916 1460 1065 1524 libellis?

291 1576 344 1642 Sic
365 1575 447 1643 erit:
472 1577 607 1658 ingenio
631 1577 783 1657 prostitit
804 1577 865 1640 illa
888 1597 973 1640 meo.

246 1694 288 1757 Et
311 1695 450 1756 merito!
476 1692 555 1774 quid
579 1693 669 1754 enim
694 1693 808 1754 formae
832 1693 999 1774 praeoonia
1022 1695 1111 1757 feci?

201 1839 229 1876 10
290 1810 475 1873 Vendibilis
500 1809 597 1890 culpa
621 1811 709 1872 facta
732 1810 845 1890 puella
867 1814 984 1873 meast.

245 1926 299 1989 Me
324 1928 445 1989 lenone
469 1926 586 2008 placet,
614 1925 694 1988 duce
718 1946 772 1988 me
796 1925 975 2007 perductus
999 1931 1138 2004 amator,

288 2044 393 2107 lanua
416 2065 475 2126 per
499 2048 632 2106 nostras
658 2047 708 2104 est
733 2041 891 2122 adaperta
914 2062 1043 2105 manus.

246 2159 298 2220 An
321 2159 460 2239 prosint,
483 2157 629 2229 dubium,
656 2161 843 2220 nocuerunt
867 2159 1015 2220 carmina
1039 2178 1193 2238 semper:

292 2273 430 2336 Invidiae
454 2274 579 2335 nostris
604 2273 663 2335 illa
686 2274 777 2336 fuere
801 2272 907 2336 bonis.

203 2419 229 2454 15
248 2388 331 2452 Cum
355 2390 473 2464 Thebe,
500 2410 575 2452 curn
599 2391 697 2453 Troia
720 2390 815 2465 foret,
842 2411 917 2453 cum
942 2391 1080 2454 Caesaris
1105 2396 1190 2465 acta,

290 2506 469 2585 Ingenium
492 2508 597 2569 movit
622 2507 693 2569 sola
717 2506 865 2570 Corinna
887 2527 1018 2570 meum:

245 2621 379 2683 Aversis
404 2622 534 2684 utinam
559 2622 745 2702 tetigissem
769 2623 917 2685 carmina
941 2623 1056 2698 Musis,

289 2737 432 2799 Phoebus
457 2741 490 2800 et
511 2738 683 2818 inceptum
707 2737 914 2802 destituisset
938 2741 1041 2821 opus!

245 2852 312 2914 Nec
335 2856 450 2915 tamen
473 2857 511 2916 ut
535 2857 636 2915 testes
660 2874 733 2917 mos
758 2858 808 2916 est
833 2853 947 2916 audire
971 2857 1105 2936 poetas:

201 2996 229 3034 aa
292 2968 476 3030 Malueram
499 2969 607 3031 verbis
631 2968 762 3051 pondus
786 2970 901 3032 abesse
924 2970 1017 3033 meis.

245 3084 307 3145 Per
331 3104 393 3147 nos
419 3083 529 3165 Scylla
552 3085 640 3165 patri
664 3105 757 3148 caros
780 3087 890 3148 furata
914 3086 1052 3167 capillos

289 3200 379 3263 Pube
402 3202 525 3281 premit
547 3201 680 3265 rabidos
703 3203 964 3283 inguinibusque
988 3222 1104 3277 canes3

245 3317 311 3379 Nos
335 3317 475 3398 podibus
499 3319 622 3399 pinnas
642 3318 802 3393 dedimus,
829 3339 891 3380 nos
916 3318 1062 3381 crinibus
1086 3338 1235 3399 angues;

289 3418 403 3495 Victor
425 3433 627 3496 Abantiades
653 3434 731 3496 alite
756 3435 861 3496 fertur
885 3453 978 3514 equo.

200 3576 228 3612 aa
245 3545 338 3610 Idem
361 3569 421 3629 per
445 3551 590 3630 spatium
614 3550 735 3631 Tityon
758 3552 964 3631 porreximus
988 3553 1116 3632 ingena,

290 3664 331 3726 Et
354 3665 419 3726 tria
438 3665 571 3745 vipereo
595 3667 735 3728 fecimus
760 3686 818 3728 ora
841 3667 936 3742 cani;

244 3779 398 3843 Fecimus
421 3780 624 3844 Enceladum
649 3783 849 3846 iaculantem
874 3784 967 3845 mille
990 3785 1132 3858 lacertis,

291 3893 461 3975 Ambigua
486 3902 599 3978 captos
623 3899 762 3978 virginis
787 3920 842 3962 ore
866 3900 974 3974 viros;

245 4008 380 4071 Aeolios
404 4010 528 4073 Ithacis
552 4013 749 4075 inclusimus
773 4014 903 4076 utribus
926 4014 1051 4089 Euros;

200 4152 228 4189 co
290 4124 443 4188 Proditor
465 4128 501 4189 in
526 4128 636 4191 modio
661 4130 819 4192 Tantalus
844 4150 942 4192 amne
968 4130 1057 4205 sitit;
