2896 4754
228 323 279 375 198
648 345 690 386 ao
705 344 740 388 11.
761 341 803 401 13,
823 339 929 387 19—28.

226 519 279 578 ubi
304 519 428 578 Gallico
449 538 504 578 ora
535 537 630 594 equos
661 517 798 577 Gallicos
829 516 1014 592 significant,
1048 514 1084 574 de
1116 514 1229 590 quibus
1263 512 1368 573 Strab.

227 625 280 686 IV.
306 626 381 685 196:
404 621 473 685 ἔστι
494 621 662 705 Ῥωμαίοις
683 627 736 704 τῆς
758 620 882 688 ἱππείας
904 615 1021 702 ἀρίστη
1051 619 1141 700 παρὰ
1169 618 1304 681 τούτων.
1328 655 1368 662 -

229 734 341 808 caupo,
374 733 477 791 vicina
507 735 571 802 est3
604 751 641 790 ex
662 749 732 789 mea
753 729 949 800 coniectura;
972 730 1007 788 cf.
1031 729 1114 787 infra
1134 729 1208 788 adn.
1233 729 1304 809 orit.
1330 727 1369 785 ad

226 838 256 899 h.
279 839 298 899 l.
320 875 332 879 -
382 842 491 898 latirus
507 886 513 898 .
531 885 537 898 .
555 885 560 898 .
580 848 659 911 laos,
682 838 808 898 hortum
830 837 922 896 Isidis
937 837 1033 897 lauris
1048 839 1222 905 consitum;
1240 835 1279 895 cf.
1299 836 1368 894 Iuv.
1406 901 1408 905 ¹

107 1012 112 1024 ,
228 947 255 1016 6,
278 946 354 1004 488-
378 948 446 1006 489.
480 946 531 1023 (de
562 947 692 1005 muliere
724 946 894 1022 adultera):
929 946 1068 1020 «iamque
1099 944 1304 1020 exspectatur
1334 944 1368 998 in

229 1054 326 1112 bortis
347 1053 410 1110 Aut
431 1052 512 1128 apud
533 1052 640 1112 Isiacae
662 1053 766 1128 potius
790 1052 925 1110 sacraria
946 1051 1054 1120 lena»,
1085 1051 1137 1110 nbi
1166 1051 1255 1108 horti
1287 1048 1339 1106 ref
1351 1081 1366 1099 .-

226 1159 317 1217 rendi
339 1162 413 1217 sunt
434 1159 473 1217 ad
494 1160 602 1218 hortos
624 1161 706 1218 circa
727 1160 851 1235 templa,
875 1160 908 1216 ut
930 1157 1032 1217 Schol.
1056 1156 1095 1215 ad
1113 1157 1143 1215 h.
1159 1158 1178 1215 l.
1197 1154 1367 1214 docemur:

231 1267 319 1341 «quia
340 1268 375 1325 in
397 1266 496 1325 hortis
518 1267 706 1342 templorum
728 1266 881 1324 adulteria
902 1266 1128 1325 committunt.»

280 1372 316 1431 V.
339 1373 394 1432 19-
418 1372 466 1431 tt.
487 1374 667 1432 laborantes
688 1381 776 1431 atero
799 1375 948 1431 brisciola
960 1373 1093 1447 puellos,
1109 1389 1148 1428 ex
1161 1371 1240 1429 Hor.
1258 1368 1366 1428 Carni.

227 1479 286 1538 Ill.
309 1478 356 1549 lt,
380 1480 421 1538 l—
440 1479 469 1537 3.
492 1477 542 1556 (de
563 1479 697 1555 Diana):
726 1479 816 1550 «Qua
837 1478 1014 1536 laborantes
1036 1479 1123 1536 utero
1149 1479 1274 1552 puellas
1307 1477 1369 1535 Ter

228 1587 337 1644 vocata
358 1585 476 1645 audian.
561 1588 654 1645 tardo
669 1631 675 1644 .
693 1631 698 1644 .
718 1631 723 1643 .
740 1604 880 1662 corporo,
903 1602 996 1642 onere
1016 1581 1134 1642 ventris
1164 1583 1304 1642 tardata.
1328 1620 1368 1625 -----

226 1693 320 1751 Lenis
345 1694 420 1751 odes
446 1694 656 1768 precibusque
686 1691 763 1750 mets
793 1693 872 1766 soce,
903 1691 1045 1766 Illibata,
1078 1708 1115 1747 ex
1145 1691 1224 1747 Hor.
1258 1688 1364 1749 Garm.

229 1817 297 1857 saec.
322 1799 359 1857 13
377 1799 457 1858 --14;
485 1798 569 1856 «Rite
591 1800 728 1856 maturos
744 1797 864 1871 aperire
879 1799 986 1872 partus
1000 1796 1103 1865 Lenis,
1120 1795 1259 1871 ilithyia,
1277 1799 1368 1854 tuere

227 1907 365 1962 matres.»
391 1939 407 1944 --
453 1904 594 1979 ilithyia,
626 1903 683 1961 dea
713 1902 820 1962 Graeca
850 1904 966 1977 partus,
1000 1921 1093 1977 quam
1122 1902 1262 1960 Romani
1295 1921 1367 1961 cum

227 2010 348 2067 Lucina
370 2029 425 2067 sua
452 2009 701 2079 confundebant;
734 2009 771 2068 cl.
801 2009 878 2068 Hor.
908 2008 1009 2068 Garm.
1033 2027 1100 2067 saec.
1126 2009 1266 2069 13-16:
1296 2009 1366 2066 «Ili-

227 2117 315 2192 thyia
330 2163 336 2175 .
354 2164 360 2174 .
377 2162 384 2174 .
401 2114 470 2174 Sive
493 2119 527 2173 tu
546 2117 667 2174 Lucina
680 2114 793 2191 probas
808 2115 913 2173 vocari
928 2112 989 2172 Seu
1004 2113 1185 2174 Genitalis.»
1205 2150 1245 2156 —
1263 2133 1367 2189 priam

225 2223 337 2282 'iubens
358 2225 501 2281 orticaria
524 2242 585 2282 esse
607 2225 664 2294 tot,
688 2241 754 2298 quae
777 2225 908 2281 salutem
930 2221 985 2279 tibi
1010 2221 1128 2281 debeat.

279 2317 313 2388 V.
338 2330 392 2388 23-
419 2329 467 2388 25.
496 2333 661 2399 ‹tondidna
695 2329 764 2388 alba
794 2333 877 2388 veste
908 2328 1083 2399 utebantur,
1116 2327 1169 2403 qni
1202 2328 1241 2388 ad
1277 2348 1369 2387 sacra

228 2435 433 2506 accedebant3
457 2437 497 2497 cf.v
517 2437 582 2496 Tib.
606 2438 646 2497 Π.
673 2438 697 2506 l,
724 2437 760 2496 15
805 2438 858 2496 16:
886 2437 1035 2505 «Gemite,
1059 2436 1213 2512 fulgentes
1245 2439 1284 2494 ut
1317 2440 1369 2495 eat

191 2531 192 2536 ἵ
228 2560 315 2600 sacer
335 2561 431 2616 agnus
454 2544 492 2602 ad
514 2564 582 2602 aras
604 2545 777 2620 Vinctaque
799 2547 870 2620 post
892 2548 959 2603 olea
980 2544 1114 2604 candida
1127 2542 1218 2602 turba
1232 2562 1363 2603 nomast

191 2669 194 2673 ’
225 2650 255 2706 et
279 2648 370 2706 Plaut
409 2649 486 2708 Rud.
510 2650 534 2707 L
557 2651 585 2719 5,
610 2651 655 2709 ll:
683 2652 816 2726 «aquius
846 2670 900 2709 vos
932 2653 999 2710 erat
1030 2649 1221 2710 Candidatus
1252 2650 1368 2709 venire

225 2755 439 2832 hostiatasque
462 2755 500 2814 ad
522 2757 581 2815 hcc
602 2755 743 2816 Fanum:
766 2757 804 2815 ad
827 2758 921 2815 istum
952 2757 1081 2816 modum
1102 2776 1166 2817 non
1188 2758 1296 2815 veniri
1316 2778 1366 2816 so-

225 2863 293 2922 let.»
379 2882 515 2922 mutiero
530 2871 610 2935 octo,
627 2864 710 2922 dona
724 2883 811 2922 sacra
826 2884 863 2922 ex
877 2868 948 2922 voto
964 2863 1078 2934 debita,
1096 2858 1300 2944 ἀναθήματα.

224 2972 364 3043 attalam,
386 2969 631 3044 inscriptionem.
648 3005 665 3010 -ι
679 3005 686 3010 -
702 2977 823 3028 servato
845 2969 931 3028 Naso
958 2969 1108 3039 (loliano,
1132 2972 1261 3044 supple:
1294 2969 1366 3027 haec

225 3074 355 3134 dedicat.

212 3187 214 3193 '
277 3180 314 3241 V.
338 3183 384 3241 28.
408 3181 475 3250 tibi,
508 3179 678 3240 Corinnam
710 3181 885 3257 alloquitur.
917 3215 957 3222 —
987 3201 1107 3257 papan,
1138 3182 1197 3239 hoo
1227 3183 1365 3240 nomine

224 3292 313 3348 notat
337 3289 481 3348 Corinna
504 3288 610 3357 scelus,
645 3290 716 3363 quia
745 3289 843 3347 fetum
875 3290 1000 3364 abigens
1032 3309 1063 3348 se
1094 3290 1290 3364 vulneravit;
1322 3289 1362 3347 ol.

223 3397 305 3456 infra
326 3398 368 3455 ll.
394 3397 438 3465 14,
462 3398 499 3455 3:
525 3397 606 3454 «suis
628 3398 790 3471 patiuntur
815 3400 943 3456 vulnera
973 3400 1072 3467 telis»,
1096 3398 1168 3457 ibid.
1193 3398 1229 3455 8:
1259 3395 1363 3456 «Ster-

223 3508 315 3563 netur
335 3522 446 3580 pugnae
469 3504 567 3562 tristis
590 3503 819 3577 harenatum»,
842 3505 915 3565 ibid.
939 3507 996 3566 27:
1025 3507 1151 3566 «Vestra
1177 3504 1252 3580 quid
1285 3503 1362 3562 effc-

223 3611 298 3669 ditis
317 3610 465 3670 subiectis
487 3612 605 3668 viscera
626 3612 735 3669 tensa
