2896 4754
597 311 732 355 AMORUM
751 312 787 354 11.
809 309 834 354 5.

697 539 733 603 V.

243 717 362 780 Nullus
386 739 480 782 amor
502 721 631 793 tantist,
657 720 775 796 (abeas,
802 720 991 800 pharetrate
1016 718 1143 802 Cupido
1157 722 1179 798 i)

288 835 332 898 Ut
355 836 439 899 mihi
464 838 532 900 sint
554 839 679 901 totiens
703 838 848 922 maxima
871 842 948 901 vota
971 839 1067 900 mori.

244 948 330 1012 Vota
353 952 442 1014 mori
465 970 542 1014 mea
565 955 653 1026 sunt,
679 973 754 1015 cum
778 956 810 1014 te
834 973 989 1034 peccasse
1013 952 1179 1026 recordor,

287 1065 347 1129 Ei!
371 1066 457 1128 mihi
479 1070 678 1148 perpetuum
702 1069 781 1129 nata
805 1067 918 1148 pueiia
941 1067 1088 1129 malurn!

212 1179 317 1245 sNon
340 1181 389 1242 mi
412 1181 603 1263 intercepta
627 1180 757 1243 nudant
780 1185 838 1244 tua
862 1182 949 1244 facta
971 1181 1109 1256 tabellae,

287 1297 354 1359 Nec
378 1295 456 1359 data
480 1297 600 1360 furtive
624 1318 765 1360 munera
789 1299 915 1361 crimen
939 1299 1075 1360 habent.
1111 1353 1113 1356 1

243 1411 269 1475 Ο
294 1414 424 1476 utinam
449 1434 620 1494 arguerem
645 1415 702 1491 sic,
726 1418 763 1477 ut
787 1434 857 1477 non
880 1415 1012 1478 vincere
1035 1434 1168 1495 possem
1180 1415 1197 1478 i·

287 1530 341 1593 Me
366 1533 546 1595 miserum!
572 1553 673 1613 quare
697 1536 766 1595 tarn
790 1533 880 1595 bona
904 1552 1005 1596 causa
1028 1535 1156 1595 meast?

243 1645 345 1722 Felix,
373 1646 437 1726 qui,
464 1645 553 1727 quod
577 1650 675 1720 amat,
703 1646 878 1710 defendere
903 1647 1032 1710 fortiter
1056 1647 1165 1722 audet,

199 1797 227 1834 10
291 1764 353 1830 Oui
377 1785 437 1828 sua
466 1785 553 1827 «non
578 1766 659 1828 feci»
689 1765 795 1828 dicere
821 1766 928 1827 amica
951 1765 1080 1846 potest!

243 1881 385 1943 Ferreus
410 1883 460 1942 est
482 1880 690 1961 nimiumque
716 1900 776 1941 suo
801 1882 889 1942 favet
912 1879 970 1943 ille
995 1878 1111 1954 dolori,

290 1993 352 2058 Cui
375 1995 500 2074 petitur
522 1995 610 2057 victa
632 1995 745 2076 palma
770 1997 906 2057 eruenta
929 2014 995 2056 rea.

242 2109 318 2188 ipse
342 2109 444 2170 miser
467 2096 543 2182 vidi,
571 2129 646 2171 cum
670 2130 722 2171 me
747 2108 890 2172 dormire
914 2113 1059 2191 putares,

292 2224 427 2289 Sobrius
453 2225 606 2307 adposito
631 2227 771 2289 crimina
794 2231 904 2289 vestra
927 2246 1018 2288 mero
1031 2249 1038 2301 ;

198 2372 226 2409 rs
243 2343 352 2405 Multa
376 2343 553 2423 supercilio
578 2343 647 2406 vidi
669 2344 819 2406 vibrante
844 2344 1038 2423 loquentes:

288 2457 430 2520 Nutibus
454 2458 490 2519 in
515 2458 632 2520 vestris
656 2478 734 2539 pars
757 2457 847 2520 bona
869 2458 959 2519 vocis
985 2459 1063 2520 erat.

243 2575 316 2635 Non
343 2573 432 2635 oculi
455 2575 588 2634 tacuere
613 2573 671 2647 tui,
699 2573 950 2654 conscriptaque
973 2573 1051 2634 vino

288 2687 414 2760 Mensa,
439 2687 560 2749 necin
585 2685 698 2767 digitis
722 2687 834 2750 littera
858 2687 952 2749 nulla
976 2687 1058 2761 fuit;

244 2805 438 2867 Sermonem
463 2806 592 2885 agnovi,
619 2805 707 2885 quod
730 2826 800 2868 non
825 2805 984 2881 videatur,
1011 2808 1166 2885 agentern

197 2950 226 2987 ac
287 2919 458 3000 Verbaque
482 2940 542 2999 pro
568 2921 665 2982 certis
689 2921 782 2983 iussa
804 2921 914 2982 valere
938 2921 1038 2982 notis.

243 3037 378 3116 Iamque
403 3035 558 3116 frequens
583 3036 667 3097 ierat
690 3055 807 3098 mensa
831 3036 971 3097 conviva
994 3035 1118 3106 relicta,

288 3150 463 3230 Conpositi
485 3150 622 3212 iuvenes
646 3170 733 3212 unus
759 3154 791 3212 et
816 3151 899 3212 alter
923 3153 1036 3212 erant:

243 3267 388 3348 Inproba
413 3272 485 3329 tum
509 3287 586 3328 vero
610 3268 788 3348 iungentes
814 3268 928 3329 oscula
950 3266 1027 3341 vidi,

288 3381 362 3458 (Hla
385 3381 469 3443 mihi
493 3381 609 3462 lingua
631 3402 717 3444 nexa
740 3381 843 3444 fuisse
868 3381 983 3462 liquet)

199 3529 226 3565 aa
245 3496 364 3574 Qualia
388 3519 458 3561 non
483 3498 577 3560 fratri
601 3498 716 3560 tulerit
740 3519 899 3579 germana
924 3519 1049 3573 severo,

236 3645 238 3649 ¹
288 3611 353 3677 Sed
375 3613 490 3675 tulerit
514 3613 634 3693 cupido
658 3614 771 3676 mollis
796 3614 902 3675 amica
925 3614 1006 3687 viro,
1103 3627 1105 3631 “

244 3730 363 3807 Qualia
388 3729 578 3792 credibilest
601 3751 671 3791 non
695 3731 819 3792 Phoebo
845 3732 929 3793 ferre
954 3731 1107 3805 Dianam,

289 3842 353 3906 Sed
376 3845 538 3908 Venerem
563 3845 664 3907 Marti
688 3866 774 3927 saepe
799 3846 917 3907 tulisse
943 3865 1011 3907 suc.

248 3957 353 4035 «Quid
363 3959 483 4020 facis?»
499 3960 645 4021 exclamo
661 3980 744 4040 «quo
761 3980 851 4022 nunc
867 3981 941 4023 mea
959 3961 1080 4042 gaudia
1096 3960 1240 4024 differs?

196 4101 225 4138 ac
288 4071 428 4134 Iniciam
453 4072 606 4136 dominas
630 4074 666 4135 in
690 4095 765 4137 mea
787 4075 862 4136 iura
885 4095 1015 4137 manus.
